68 3 53 28 Die
139 3 47 27 Nr.
205 4 16 25 4
241 10 54 20 vom
314 3 23 26 8.
359 4 109 32 Februar
490 3 65 27 1859
577 3 109 32 enthält:

38 44 21 26 1.
79 44 55 28 Den
156 44 339 34 Königlich⸗Großherzogl.
513 44 116 32 Beschluß
650 51 55 18 vom
725 44 25 26 2.
770 44 109 32 Februar
900 43 82 32 1859,
1001 44 94 31 welcher
1115 44 37 27 die

1 87 210 33 Festungsbauten
241 87 48 26 und
309 87 270 32 Verlegungsarbeiten
605 93 49 20 von
680 84 171 31 militärischen
873 84 135 28 Gebäuden
1033 87 49 26 und
1101 87 51 27 An⸗

1 127 93 31 stalten,
116 127 37 26 die
171 128 67 29 durch
259 127 37 27 die
317 127 97 33 Anlage
433 130 42 23 des
494 127 145 31 Bahnhofes
660 135 26 27 zu
703 126 148 33 Luxemburg
874 128 48 23 und
940 127 43 26 den
1001 127 152 34 Durchgang

1 170 38 26 der
60 169 170 32 Eisenbahnen
249 170 69 31 durch
337 168 44 27 den
405 169 92 27 Ravon
517 170 38 25 der
577 169 198 32 Bundesfestung
803 169 43 28 aus
864 168 231 34 Privateigenthum
1117 170 36 26 be⸗

1 210 98 33 nöthigt
120 214 91 23 werden
231 210 100 31 können,
352 219 27 27 zu
400 210 99 28 Bauten
521 209 150 33 öffentlichen
692 209 108 33 Nutzens
820 209 94 26 erklärt.

35 252 26 27 2.
81 253 60 27 Das
161 252 77 33 Gesetz
268 259 54 18 vom
352 252 42 26 30.
414 252 132 27 December
577 252 82 31 1858,
687 252 67 29 durch
785 252 95 26 welches
910 252 50 25 dem
984 251 92 32 Färber
1104 252 48 25 und

2 294 103 27 Krämer
123 294 120 33 Friedrich
264 295 83 26 Anton
369 292 116 32 Ensch,
504 294 103 33 geboren
631 301 26 27 zu
677 291 147 37 Neuerburg
846 291 143 37 (Preußen)
1004 296 48 22 und
1072 294 81 28 wohn⸗

2 336 50 32 hast
73 344 26 27 zu
120 336 126 31 Vianden,
267 335 98 29 mittelst
385 335 164 32 Entrichtung
570 334 65 27 einer
654 334 103 31 Gebühr
781 341 48 20 von
850 335 39 32 Fr.
908 334 34 26 50
962 334 38 27 die
1018 334 135 27 Naturali⸗

1 378 80 31 sation
100 377 121 31 verliehen
242 375 76 33 wird;
341 377 76 31 ferner
438 378 37 25 die
493 384 48 18 von
561 374 131 32 demselben
712 379 71 22 unter
802 374 97 27 Datum
918 383 54 18 vom
994 374 39 27 29.
1050 375 103 32 Januar

5 418 66 27 1859
95 421 50 25 dem
166 418 193 34 Bürgermeister
378 419 40 26 der
438 418 81 27 Stadt
539 418 115 27 Vianden
677 424 27 27 zu
726 417 128 33 Protokoll
880 418 115 32 gegebene
1013 418 139 31 Annahme⸗

2 461 148 34 Erklärung.
