151 1668 53 29 Die
222 1668 47 28 Nr.
288 1669 17 25 4
323 1675 55 20 vom
397 1668 24 26 8.
442 1669 110 33 Februar
572 1668 66 27 1859
659 1668 97 32 enthält-

120 1710 22 26 1.
162 1710 56 29 De»
239 1709 145 35 Königlich»
395 1710 180 35 Großherzogl.
596 1709 117 32 Beschluß
733 1717 56 19 vom
807 1709 25 26 2.
852 1709 110 33 Februar
982 1708 83 33 1859,
1083 1710 95 31 welcher
1197 1709 37 28 die

84 1752 211 34 Festungöbauten
323 1752 48 26 und
392 1752 271 33 Verlequngsarbeiten
687 1758 49 20 von
762 1750 172 31 militärische!!
955 1750 135 29 Gebäuden
1115 1752 49 26 nnd
1184 1752 52 27 An»

84 1793 94 31 stalten,
198 1793 37 26 die
254 1794 68 30 durch
342 1792 37 27 die
399 1793 97 34 Anlage
515 1795 42 24 des
576 1792 74 31 Bahn
657 1793 67 31 Hofes
743 1800 26 27 zu
785 1791 149 34 Luxemburg
956 1794 48 24 und
1023 1792 44 26 den
1083 1792 152 35 Durchgang

84 1835 38 26 der
142 1834 171 32 Eisenbahnen
332 1835 69 31 durch
420 1833 45 28 den
487 1834 92 28 Navo»
600 1835 39 25 der
660 1834 199 32 Bundesfestung
885 1834 44 29 aus
947 1833 232 35 Privateigenlhum
1200 1835 36 26 be<

84 1876 99 34 nötbigt
202 1879 91 24 werde»
314 1876 101 31 tonnen,
434 1884 27 27 zu
482 1876 100 29 Bauten
603 1874 151 34 öffentlichen
774 1874 108 34 Nutzens
903 1875 95 26 erklärt.

118 1917 26 27 2.
163 1918 60 28 Das
244 1917 78 34 Gesetz
350 1925 55 19 vom
434 1917 42 26 30.
497 1917 133 28 December
659 1917 82 31 1858,
769 1917 68 30 durch
867 1917 96 26 welches
992 1917 51 25 dem
1067 1916 92 33 Färber
1186 1917 48 25 und

85 1959 103 28 Krämer
206 1959 120 34 Friedrich
346 1960 84 26 Anton
451 1958 117 32 Ensch,
586 1959 103 34 geboren
713 1966 26 28 zu
760 1956 147 37 Neuerburg
1086 1961 48 23 und
1154 1959 82 29 wohn»

85 2001 51 32 hast
156 2009 26 27 zu
202 2001 126 31 Viande»,
349 2000 99 30 mittelst
468 2000 164 33 Entrichtung
652 1999 66 28 einer
737 1999 103 31 Gebühr
863 2006 48 20 von
932 2000 40 33 Fr.
991 1999 35 26 50
1045 1999 38 28 die
1101 1999 120 28 Naturali-

84 2043 80 31 sation
183 2042 122 31 verliehen
325 2041 77 34 wird;
424 2042 76 31 ferner
520 2043 37 25 die
575 2049 48 19 von
643 2040 131 32 demselben
794 2044 71 23 unter
884 2040 97 28 Datum
1001 2048 55 19 vom
1076 2040 40 27 29.
1132 2041 104 33 Januar

87 2084 67 27 1859
178 2086 51 25 dem
249 2083 194 35 Bürgermeister
460 2085 41 26 der
520 2084 81 27 Stadt
621 2083 116 28 Vianden
760 2090 27 27 zu
808 2082 129 34 Protokoll
962 2083 115 33 gegebene
1096 2083 140 31 Annahme«

85 2126 148 35 Erklärung.
