2580 4060
120 179 48 35 gilt
186 180 78 34 jedoch
285 179 38 32 für
342 179 52 27 eine
409 179 158 33 Specialität
583 179 34 27 im
632 178 167 36 Finauzfache,
813 180 52 26 dem

120 219 26 28 in
167 219 119 33 Spanien
308 220 22 31 so
356 220 211 31 veiwahilvi'ten,
595 221 46 24 das
667 219 68 27 eines
759 219 105 37 rüstigen

120 260 127 28 Arbeiters
266 261 24 28 so
309 260 50 30 sehr
379 261 90 27 bedarf.
490 260 34 28 Er
544 267 51 19 war
615 261 55 28 anch
693 259 65 26 1856
775 259 24 27 in
814 262 51 23 dem

121 300 131 28 Cabinette
271 300 148 28 O'Donncll
433 299 164 29 Rioö-Nosas
617 299 121 34 Finanz-,
763 299 32 27 im
817 300 48 28 Ca»

120 339 90 28 binette
241 339 100 28 Arniero
355 339 67 28 Mon
447 339 241 31 Arbeits-Minister.
725 339 140 32 Collantes,

120 380 40 26 der
179 379 118 32 Minister
316 381 42 24 des
378 378 195 35 Auswärtigen,
593 381 39 24 der
647 379 42 32 erst
705 379 160 33 nachträglich

121 427 52 28 zum
194 419 120 29 Eintritte
335 418 26 28 in
382 422 47 24 das
450 419 108 29 Cabinet
578 419 149 28 O'Douuell
754 420 111 33 bewogen

121 461 93 30 wurde,
234 460 56 32 steht
309 459 228 35 verhältnißmäßig
556 461 45 25 den
627 460 173 34 Progressiste!!
826 467 38 19 am

121 499 118 32 nächsten.

155 538 213 36 lustiz'Miuister
386 539 104 35 Negrete
509 539 84 34 gehört
608 547 28 27 zu
655 540 45 25 den
720 538 145 27 bemerke»«,

121 581 137 31 werthesten
274 579 165 35 Mitgliedern
452 582 43 24 des
511 587 75 19 neuen
604 579 155 29 Cabiuettes.
779 579 86 31 Dieser

122 619 86 28 Manu
227 627 52 19 war
299 619 165 35 ursprünglich
485 619 105 32 Carlist,
612 623 49 23 trat
679 620 67 26 dann
766 627 40 27 zur
817 620 49 27 Kö«

121 659 73 33 nigiu
214 659 110 33 liabella
344 659 73 32 über,
435 659 66 28 blieb
523 660 55 27 aber
598 659 116 32 innerlich
737 667 23 19 u.
782 659 84 33 änfjet*

122 699 43 32 lich
190 700 86 30 starrer
301 701 48 24 und
376 698 75 33 steifer
476 699 137 32 Äbsolutist
639 701 50 24 und
715 700 96 32 gehörte
838 707 27 27 zu

121 740 43 25 den
185 739 86 33 Haupt
284 739 120 28 Talenten
424 739 40 27 der
484 738 103 34 Partei,
606 740 82 31 welche
706 738 49 34 jetzt
771 740 41 25 als
827 738 38 27 die

121 779 202 32 absolutistischen
352 780 171 32 Isabellisten,
551 786 53 28 zum
629 779 164 31 Unterschiede
816 786 48 19 von

121 819 43 27 den
186 819 92 33 offenen
299 820 48 26 und
368 819 121 33 geheimen
516 819 139 32 Carlisten,
685 819 129 35 bezeichnet
837 825 27 28 zu

120 858 94 27 werden
233 859 84 33 pflegt.
353 858 67 32 Nach
440 859 50 27 und
511 860 55 31 nach
587 859 149 30 befreundete
760 858 104 34 Negrete

122 899 41 32 sich
183 899 86 26 immer
288 898 66 33 mehr
373 898 44 27 mil
440 900 44 26 den
511 899 220 31 constilutiouellen
756 899 109 32 Institua

121 937 83 27 tionen
230 938 50 26 und
306 940 80 25 wurde
412 941 70 24 unter
506 939 86 27 Bravo
617 937 109 28 Mnrillo
752 937 113 28 Arbeits»

122 977 128 32 Minister.
283 978 67 32 Nach
370 982 50 23 dem
440 979 94 34 Sturze
551 977 77 32 dieses
648 977 147 30 Cabincltes
816 980 49 24 trat

122 1017 103 36 Negrete
244 1018 27 26 in
291 1018 38 28 die
347 1018 163 33 Opposition.
537 1019 46 33 Im
602 1018 81 34 Jahre
702 1018 67 27 1854
788 1018 76 33 schloß

124 1066 23 18 er
167 1059 40 31 sich
227 1059 40 25 der
286 1059 141 35 Bewegung
446 1067 32 17 au
498 1060 50 24 und
568 1059 95 33 gehörte
682 1067 27 27 zu
732 1060 44 24 den
796 1058 55 31 Stis-

125 1101 50 23 tern
195 1099 39 25 der
252 1097 217 34 vkalvaristischen
490 1098 96 34 Partei.
615 1099 35 29 Er
671 1098 45 34 gilt
736 1098 38 31 für
793 1098 70 26 einen

122 1137 56 27 eben
197 1137 23 30 so
241 1138 157 26 talentvollen
418 1138 45 27 wie
483 1138 179 33 entschlossenen
678 1138 122 34 Politiker
815 1140 48 25 und

120 1176 121 35 Juristen.
272 1178 45 33 Im
336 1178 81 33 Jahre
435 1177 81 34 1856,
535 1180 42 25 als
595 1178 113 35 Narvacz
727 1178 85 28 wieder
831 1185 32 20 an

122 1218 47 27 das
189 1217 85 28 Ruder
292 1222 65 28 trat,
377 1219 74 32 nahm
467 1226 23 19 er
505 1219 41 27 als
561 1218 144 35 königlicher
718 1219 69 31 Rath
803 1218 61 32 seine

122 1258 158 36 Entlassung.
300 1259 49 27 Als
374 1260 179 32 Abgeordneter
573 1261 88 30 machte
679 1267 23 18 er
721 1263 72 23 untei
811 1261 52 25 dem

121 1298 132 29 Cabinette
272 1300 85 27 Bravo
379 1299 108 28 Mnrillo
508 1300 115 32 mehrfach
652 1300 119 32 Aufsehen
792 1300 68 32 durch

120 1338 79 31 seinen
225 1338 107 36 Mangel
362 1347 31 19 an
422 1338 147 34 Diöciplin,
600 1339 78 27 indem
700 1348 33 23 er,
763 1339 99 33 obwohl

120 1378 242 33 ArbeitsMinister,
392 1387 60 27 ganz
481 1379 117 34 ungenirt
628 1387 72 29 gegen
720 1379 38 27 die
777 1379 86 34 Regie»

121 1418 242 34 rungs'Maßregelu
384 1418 116 33 stimmte,
519 1427 68 18 wenn
604 1418 50 32 ihm
670 1419 116 30 dieselben
801 1418 62 32 nicht

120 1458 110 34 gefiele».
248 1458 48 28 Bei
309 1458 74 30 seiner
396 1459 102 34 innigen
511 1459 175 34 Befreundung
698 1458 44 28 mit
753 1460 109 27 O'Don»

120 1498 48 27 nell
186 1498 93 26 werden
300 1498 72 33 solche
390 1498 68 34 Fälle
478 1499 50 33 jetzt
548 1499 64 30 wohl
633 1498 104 35 weniger
755 1499 94 27 vorkoni-

120 1544 61 20 men.
219 1537 54 28 Der
300 1537 125 33 Marquis
451 1546 48 19 von
520 1538 108 28 Corbera
648 1540 39 25 der
706 1541 47 24 das
773 1539 90 32 Porte»

119 1576 80 32 feuille
217 1578 40 25 der
276 1577 151 32 öffentliche»
442 1577 114 28 Arbeite»
574 1578 187 33 übernommen,
779 1578 83 28 beklei»

120 1618 49 25 dete
197 1620 71 23 unter
296 1617 174 28 O'Donuell's
496 1618 106 30 früherer
633 1619 164 35 Perwallung
816 1620 44 25 den

120 1656 124 36 wichtigen
265 1657 90 33 Posten
385 1659 41 24 des
456 1657 70 29 Civil
539 1659 179 27 Gouverneurs
738 1665 47 20 vo»
801 1659 60 27 Ma»

119 1695 54 28 drid
193 1698 48 25 und
262 1697 90 26 erwarb
372 1697 41 32 sich
432 1697 69 31 durch
522 1697 46 33 fein
599 1697 195 32 wohlwollendes
815 1699 32 27 Be-

120 1736 101 32 nehmen
249 1736 37 28 die
306 1736 141 33 allgemeine
467 1737 117 34 Achtung.
622 1737 93 35 Zudem
735 1736 28 33 ist
779 1746 22 19 er
821 1737 39 28 ein

120 1775 50 33 sehr
190 1775 133 35 begüterter
341 1775 101 33 Man»,
461 1776 40 27 der
522 1776 37 27 ein
578 1777 76 32 Haus
674 1779 94 30 machen
788 1777 72 33 kann,

173 1815 52 27 eine
252 1815 127 36 schätzbare
398 1816 153 35 Eigenschaft
578 1817 39 33 für
637 1817 68 27 einen
724 1817 136 34 spanischen

120 1855 127 31 Minister.

410 1896 41 27 der
477 1896 200 34 Haupt.Faiseur
704 1898 39 25 der
762 1896 96 37 jetzige»

120 1934 155 33 Situation,
306 1936 97 33 geholte
428 1944 28 28 zu
480 1937 44 26 den
553 1937 135 31 Beamten,
716 1939 81 29 welche
820 1940 39 24 der

120 1974 117 27 Vl>!,istll
266 1976 43 21 beö
338 1976 114 27 liiütl»,
473 1976 81 30 Diaz,
587 1977 33 21 iin
640 1976 61 23 Mai
720 1978 137 29 inahreget»

119 2010 93 32 wollte,
237 2010 56 27 weil
313 2012 29 30 sie
362 2011 24 27 in
408 2012 43 26 den
472 2012 90 27 Coites
582 2019 71 27 gegen
678 2012 42 31 ihn
740 2012 119 33 gestimmt

118 2050 92 31 hatten.
247 2050 50 28 Alö
327 2050 67 36 Diaz
422 2050 37 28 die
485 2051 129 36 Absetzung
648 2052 119 31 derselben
797 2052 62 32 nicht

118 2090 169 36 durchzusetzen
315 2093 137 30 vermochte,
481 2095 49 23 trat
556 2100 24 19 er
607 2095 59 29 aus,
697 2092 49 27 und
766 2093 93 35 Isturiz

117 2129 49 32 ließ
197 2131 40 31 sich
269 2131 43 27 den
340 2132 225 32 hauptsächlichsten
595 2133 162 31 Widersacher
781 2133 77 32 seines

118 2170 125 34 Collegen,
263 2171 227 34 Posada.Hcrrera,
510 2172 41 28 als
570 2172 75 33 dessen
660 2172 146 34 Nachfolger
824 2172 32 28 im

117 2209 173 32 Ministerium
309 2211 42 27 des
370 2211 99 33 Innern
486 2211 108 35 gefallen.
615 2212 125 28 Calderon
756 2212 103 29 Collau.

116 2252 38 24 tes
174 2249 90 33 endlich
283 2258 51 21 war
353 2251 67 27 1850
441 2255 70 24 unter
530 2252 110 36 Narvaez
660 2252 199 29 Arbeits-Mini.

117 2290 58 31 ster,
203 2290 84 36 gehört
319 2292 56 26 aber
403 2291 42 32 seit
469 2292 66 27 1854
558 2300 27 27 zu
605 2294 44 26 den
669 2292 120 34 eifrigsten
809 2294 48 25 uud

115 2330 232 33 vorgeschrittensten
366 2331 182 33 Vicalvaristen
569 2334 49 26 und
637 2340 28 28 zu
684 2332 174 29 O'Donncll's

116 2368 124 34 intimsten
260 2371 136 32 Freunden.

254 2409 221 35 Frankfurter
493 2409 228 39 Postzeitung.

151 2449 187 34 Frankfurt,
370 2452 24 26 7.
425 2452 70 33 Juli.
530 2453 39 33 In
606 2452 252 35 Uebeieinstimmung

116 2490 46 26 mit
181 2492 38 25 der
248 2491 190 34 „Pl'stzeitnnss"
461 2492 58 31 stellt
543 2501 50 18 nun
614 2494 55 31 auch
690 2494 39 25 der
759 2492 100 29 Wiener

116 2530 198 32 Correspondent
326 2532 39 26 der
381 2531 106 32 „Hamb.
499 2532 136 32 Börsenh."
648 2532 26 28 in
688 2532 100 33 Abrede,
801 2533 57 31 daß,

116 2569 45 28 wie
175 2577 47 20 von
243 2571 99 26 anderer
362 2570 74 29 Seite
455 2572 130 32 behauptet
605 2574 96 25 worden
721 2572 37 32 ist,
791 2573 68 31 Graf

930 177 134 31 Walewski
1082 180 52 25 dem
1153 177 168 36 französischen
1340 177 141 30 Gesandte»
1497 184 38 20 am
1551 176 119 34 deutschen

930 219 101 32 Bunde,
1052 219 95 31 Grafen
1169 217 156 34 Montessuy,
1346 217 50 27 eine
1417 217 116 32 Depesche
1555 217 60 32 h.rbr
1633 225 25 28 zu-

930 260 71 33 gebe»
1021 259 86 32 lassen,
1127 266 40 19 um
1187 258 92 33 speciell
1298 260 43 24 den
1362 258 116 30 deutsche»
1499 257 77 28 Vuud
1591 264 78 29 wegen

928 301 42 26 der
989 300 119 31 Gerüchte
1133 301 58 24 »der
1218 298 38 28 die
1282 298 162 36 fliegerische»
1472 298 139 34 Te»de»ze»
1632 299 38 26 der

930 340 166 36 stauzöstsche»
1118 338 98 34 Politik
1234 347 27 26 zu
1282 337 139 33 beruhige».
1440 338 66 27 Aber
1526 341 25 23 cö
1568 337 39 33 sei,
1626 337 44 27 >rie

929 380 102 30 derselbe
1058 379 100 29 Wiener
1189 378 206 32 Vcrichterstatler
1426 379 86 25 meldet
1544 379 50 25 und
1626 377 44 26 wie

930 420 101 33 Pariser
1049 419 109 30 Berichte
1179 419 156 32 bestätigten,
1357 424 49 22 von
1424 419 52 26 dem
1496 418 95 30 Grafen
1612 418 58 27 Wa>

931 459 82 27 lewski
1032 458 37 28 ein
1085 466 31 20 au
1133 459 144 29 sänimtliche
1291 458 165 34 französischen
1472 458 196 32 diplomatische»

929 500 109 35 Agenten
1069 498 32 27 im
1122 500 130 25 Auöla»de
1276 497 138 37 gerichtetes
1434 497 117 29 Circnlär
1571 497 97 32 erlasse»

930 540 105 30 worde»,
1063 540 96 29 welches
1183 538 33 27 im
1246 537 165 35 Allgemeinen
1439 540 45 23 den
1512 544 48 19 von
1593 536 75 27 einem

930 580 88 34 große»
1042 579 86 30 Theile
1152 580 39 25 der
1217 578 165 31 europäischen
1409 577 82 34 Presse
1510 576 156 27 verbreiteten

930 619 224 35 Beschuldigungen
1174 619 26 27 in
1227 618 94 34 Betreff
1337 620 39 25 der
1396 617 97 33 Politik
1511 617 157 34 Frankreichs

929 663 174 31 entgegentrete
1130 660 49 25 und
1204 659 30 31 sie
1262 659 41 26 als
1331 657 192 31 verleumderisch
1544 657 123 34 bezeichne.

929 700 60 28 Das
1014 699 118 29 Circulai
1151 698 29 31 ist
1203 698 90 28 bereits
1312 698 26 27 in
1359 697 118 34 Abschrift
1495 700 51 24 dem
1567 697 100 29 Wiener

928 740 61 32 Hofe
1009 738 146 35 mitgelhcilt
1174 740 104 26 worden.

964 787 98 32 Wien,
1092 788 24 26 4.
1144 786 69 36 Juli.
1258 787 175 32 Ebensowenig
1464 786 45 28 wie
1537 790 48 24 aus
1613 788 51 26 deui

928 828 93 32 Weste»
1047 828 50 34 si»d
1124 828 25 27 in
1169 830 44 25 den
1240 828 78 34 letzte»
1338 828 84 33 Tagen
1440 827 159 31 Nachrichten
1619 830 47 24 aus

927 869 52 26 de»!
1000 869 99 26 .Corden
1121 867 154 34 eingelangt,
1294 867 37 28 die
1350 875 47 19 von
1412 867 92 33 einiger
1521 868 145 32 Bedeutung

928 908 88 27 wären.
1037 907 52 29 Die
1116 907 124 34 angeblich
1260 907 121 33 offinösen
1402 907 200 35 Mttiheilungen
1618 911 48 23 aus

928 947 99 32 Berliu,
1047 948 98 31 welche»
1164 947 94 35 zufolge
1276 949 47 23 das
1346 946 193 36 Kope»hage»er
1558 946 109 29 Cabi»et

928 988 23 31 so
971 988 178 27 uubedeuteude
1169 987 175 32 Concessiouen
1365 989 104 32 geniacht
1489 987 73 32 hätte,
1580 989 47 30 daß
1639 989 30 29 sie

928 1027 65 28 einet
1020 1027 149 33 Ablehnung
1187 1027 41 27 der
1246 1025 50 31 ihm
1316 1027 132 33 gegenüber
1472 1027 116 34 gestellte»
1609 1027 58 33 For»

926 1068 123 34 derungen
1070 1066 171 35 gleichkämen,
1261 1066 50 32 sind
1332 1067 78 32 nichts
1430 1067 42 26 als
1491 1066 93 27 Kinder
1605 1067 63 27 einer

928 1108 120 31 lebhaften
1069 1107 145 34 Phantasie,
1242 1108 62 25 deuu
1324 1106 42 27 bis
1386 1114 41 28 zur
1455 1107 102 28 (Stunde
1585 1106 83 32 sollen,

927 1147 45 28 wie
1000 1147 173 35 glaubwürdig
1199 1148 119 31 versichert
1338 1146 74 32 wird,
1432 1146 38 27 die
1490 1147 176 33 Berathuugen

927 1188 26 26 in
981 1187 167 36 Kopenhagen
1178 1194 27 26 zu
1234 1187 76 28 einem
1342 1186 174 33 entschiedenen
1537 1187 131 33 Beschlüsse

927 1226 64 33 nicht
1009 1227 95 35 geführt
1125 1227 85 32 haben.

1014 1278 38 33 I»
1080 1278 44 26 den
1154 1279 78 35 letzten
1252 1278 83 35 Tagen
1364 1284 81 20 waren
1474 1276 51 34 hier
1551 1277 118 32 Gerüchte

926 1325 49 21 von
994 1319 39 26 der
1048 1318 152 35 Entdeckung
1220 1317 67 28 eines
1307 1317 26 28 in
1352 1318 138 34 Lembcrg
1511 1319 156 30 bestandenen

926 1358 212 33 pauslavistischen
1167 1358 159 33 Eouiplottes
1354 1357 135 28 verbreitet.
1528 1358 141 34 Zahlreiche

927 1399 186 35 Beihaftinige»
1135 1398 71 31 sollen
1224 1405 187 27 vorgenommen
1426 1397 96 28 worden
1541 1398 58 32 sein,
1619 1399 49 25 und

926 1438 38 27 die
982 1439 184 33 U»tersuch»»g
1185 1437 33 33 sei
1236 1437 27 28 i»
1283 1437 85 28 vollem
1390 1438 99 36 Gange.
1522 1438 56 27 Aus
1599 1438 70 28 bester

926 1479 91 28 Quelle
1042 1479 91 27 köuuen
1158 1479 45 27 wir
1226 1480 142 31 versichern,
1392 1479 47 31 daß
1466 1478 45 27 alle
1535 1478 60 31 diese
1620 1479 49 28 Ge»

926 1519 91 32 rüchte,
1041 1519 81 32 welche
1147 1526 52 27 zum
1219 1519 71 32 Theil
1316 1518 68 31 ihren
1405 1519 60 33 Weg
1489 1519 55 32 auch
1564 1518 26 28 in
1611 1521 58 24 ans»

926 1558 100 37 wärtige
1047 1559 100 28 Blätter
1174 1559 117 34 gesunden
1323 1559 90 31 haben,
1442 1559 50 31 sehr
1517 1557 150 29 übertrieben

926 1600 58 29 sind.
1031 1600 37 28 Es
1097 1599 77 31 haben
1207 1598 135 35 allerdings
1374 1598 80 35 einige
1482 1599 185 33 Verhaftungen

925 1639 191 33 stattgcfuuden,
1143 1638 51 28 und
1222 1646 63 28 zwar
1312 1641 71 26 unter
1411 1640 44 25 den
1481 1639 123 32 Schülern
1628 1640 41 25 der

926 1679 136 33 Lemberger
1080 1679 155 32 Hochschule,
1253 1679 110 31 nachdem
1390 1679 29 32 sie
1447 1685 73 27 zuvor
1547 1681 121 25 verwarnt

924 1720 96 25 worden
1041 1725 88 25 waren,
1150 1717 52 33 ihre
1221 1718 138 34 Tendenzen
1385 1717 104 36 weniger
1516 1717 151 34 augenfällig

924 1766 41 27 zur
984 1758 87 32 Schau
1097 1765 28 29 zu
1155 1762 94 31 tragen.
1286 1757 50 29 Ein
1362 1756 155 36 eigentliches
1539 1758 129 31 Eomplott

926 1799 41 30 hat
987 1797 62 33 nicht
1069 1798 126 31 bestanden
1216 1799 48 24 und
1285 1798 102 30 befindet
1406 1798 42 31 sich
1464 1800 69 23 unter
1550 1798 43 25 den
1608 1797 59 28 Bei»

926 1838 102 32 hafteten
1049 1837 63 27 keine
1131 1837 90 35 einzige
1240 1837 196 33 Persönlichkeit,
1456 1838 82 32 welche
1557 1836 26 28 in
1602 1836 68 33 poli»

923 1878 80 33 tischer
1021 1877 142 35 Beziehung
1182 1885 48 19 von
1252 1878 143 34 Bedeutung
1416 1877 36 32 ist.

959 1924 70 27 Bon
1047 1922 51 28 der
1118 1922 179 34 polnischen
1318 1922 138 34 Grenze,
1475 1922 25 26 4.
1517 1920 70 35 Juli.
1616 1919 53 30 Die

924 1963 201 32 Bauernezcesie,
1145 1964 81 27 welche
1247 1961 83 35 injt>er
1351 1962 101 33 Gegend
1471 1969 48 19 von
1539 1961 81 28 Reval
1639 1960 27 28 in

924 1999 121 31 Esthland
1073 1999 160 33 stattgehabt,
1263 1999 49 31 si»d
1342 1999 44 25 den
1418 2000 50 24 uns
1495 2000 171 30 vorliegenden

924 2046 102 19 »eueren
1047 2038 99 32 Briefe»
1171 2038 94 35 zufolge
1290 2038 37 27 bei
1355 2038 92 27 weitem
1475 2038 64 33 nicht
1566 2038 22 32 so
1618 2045 51 20 um«

924 2077 134 37 faugreich,
1084 2080 41 25 als
1151 2080 46 25 das
1224 2079 106 31 Gerücht
1353 2079 30 32 sie
1408 2079 109 34 a»fangs
1542 2078 124 31 darstellte.

923 2120 75 33 Zwar
1025 2119 42 32 hat
1094 2120 47 25 das
1161 2119 107 28 Militär
1296 2120 73 31 scharf
1396 2118 151 33 einschreiten
1576 2118 90 33 müssen

924 2159 49 27 und
993 2162 26 23 es
1039 2159 28 30 ist
1082 2159 65 28 Blut
1166 2159 119 34 geflossen,
1304 2160 54 32 doch
1379 2159 28 32 ist
1430 2159 38 27 die
1487 2160 129 33 Ordnung
1634 2159 23 32 so-

923 2199 48 32 fort
996 2198 86 28 wieder
1102 2199 129 35 hergestellt
1252 2199 103 28 worden.
1393 2199 52 29 Die
1470 2199 197 35 aufgewiegelten

924 2239 101 28 Bauern
1054 2240 133 33 glaubten,
1205 2240 47 32 daß
1272 2240 37 27 die
1329 2239 124 30 Edelleute
1476 2239 39 28 die
1539 2247 77 19 neuen
1640 2246 28 28 zu

924 2279 69 30 ihren
1014 2280 112 31 Gunsten
1147 2281 176 32 angeordnete»
1346 2281 132 29 Reformen
1499 2279 63 32 nicht
1581 2279 87 33 resplk»

924 2319 63 27 tireu
1009 2319 109 33 wollten,
1138 2320 55 27 weil
1213 2319 116 33 dieselben
1350 2319 63 34 nicht
1437 2319 74 33 sofort
1529 2319 44 28 ins
1592 2319 75 28 Leben

924 2362 90 23 träte».

1199 2406 195 38 Dagbladet

923 2454 242 33 (Kopenhagen,
1185 2454 24 26 3.
1229 2454 81 33 Juli.)
1336 2455 26 25 de
1368 2454 69 27 melkt
1467 2454 64 35 jetzt,
1562 2455 48 31 d.iß
1630 2453 37 28 die

922 2495 62 35 Frist
1004 2503 47 19 von
1072 2494 60 32 sechs
1153 2495 117 32 Wochen,
1291 2495 82 31 welche
1391 2496 40 25 der
1452 2494 149 36 königliche»
1618 2494 46 28 Re>

923 2535 104 34 gierung
1052 2543 41 27 zur
1119 2535 199 36 Veantwoitung
1348 2536 43 25 des
1423 2534 244 33 Bundesbeschlnsses

922 2583 55 19 vom
998 2576 41 26 20.
1066 2575 59 27 Mai
1149 2583 56 19 vom
1225 2575 89 29 Bunde
1340 2574 152 34 eingeräumt
1511 2575 98 26 worden
1629 2574 38 31 ist/

1736 178 77 31 nicht,
1840 178 45 26 wie
1903 178 105 32 mehre«
2026 178 103 34 deutsche
2148 179 101 28 Blatter
2269 180 105 33 meinen,
2394 189 39 18 am
2454 181 25 26 1.

1734 215 70 36 Juli,
1824 218 101 29 sondern
1945 218 42 32 erst
2002 226 39 19 am
2062 218 40 27 12.
2122 220 23 26 d.
2164 218 43 29 M.
2227 220 145 34 abgelaufen
2392 220 41 32 sei,
2446 222 31 26 da

1735 256 38 28 die
1792 257 63 35 Frist
1874 258 63 31 nicht
1956 266 54 19 vom
2030 259 41 27 20.
2086 259 75 32 Mai,
2180 260 100 30 sondern
2295 267 55 20 vom
2364 260 24 27 3.
2400 261 80 34 Juni,

1736 305 31 19 an
1795 300 106 26 welchem
1931 299 66 34 Tage
2024 300 40 26 der
2092 300 215 32 Vundesbcschluß
2333 301 39 27 der
2400 301 80 32 fönia.«

1737 337 72 30 lichen
1837 337 142 35 Regierung
2004 338 98 33 officiel!
2130 339 122 33 nonficirt
2272 342 95 25 worden
2388 341 37 32 ist,
2445 349 24 26 ge-

1735 378 89 31 rechnet
1844 378 91 27 werden
1957 378 80 33 müsse.

1913 433 159 21 Journal
2090 433 54 21 des
2162 433 125 21 Débats.

1769 473 88 32 Paris,
1873 474 16 25 8
1903 474 92 32 juillet.
2012 474 37 27 On
2069 475 49 25 sait
2136 482 49 27 que
2206 477 35 25 les
2259 476 162 27 Américains
2442 477 26 27 ré-

1735 512 85 26 sidant
1834 513 13 25 à
1870 515 112 25 Londres
2004 516 120 25 viennent
2142 516 38 33 d'y
2202 516 115 27 célébrer
2337 517 21 26 le
2378 521 88 29 quatre-

1734 553 219 33 vingt-deuxième
1972 555 176 27 anniversaire
2171 556 31 26 de
2225 556 22 26 la
2273 556 155 27 déclaration
2449 559 30 24 de

1733 593 55 25 leur
1799 593 200 33 indépendance.
2013 596 54 25 Non
2080 596 141 26 seulement
2234 604 32 18 un
2279 598 82 33 grand
2374 598 105 25 nombre

1733 632 132 35 d'Anglais
1884 635 147 26 assistaient
2051 637 183 25 cordialement
2254 637 13 25 à
2285 641 65 23 cette
2367 638 94 26 commé-

1733 674 124 25 moration
1872 674 31 26 de
1917 675 22 25 la
1954 675 93 26 défaite
2060 675 106 27 méritée
2179 676 32 26 de
2231 676 68 27 leurs
2318 678 116 25 ancêtres
2455 681 24 23 et

1732 714 32 25 de
1776 714 204 33 l'émancipation
1995 715 30 26 de
2041 716 21 25 la
2078 716 56 32 plus
2146 716 64 26 belle
2224 717 31 26 de
2269 717 70 26 leurs
2351 718 126 32 colonies,

1733 753 64 26 mais
1811 753 21 27 la
1848 755 69 26 reine
1936 755 111 26 Victoria
2066 756 68 25 avait
2152 764 31 18 eu
2201 757 23 25 la
2243 758 135 33 gracieuse
2395 761 70 23 atten-

1732 794 51 25 tion
1805 795 31 25 de
1857 796 84 31 prêter
1959 802 45 20 son
2026 797 107 31 portrait
2154 803 48 20 aux
2228 798 194 33 organisateurs
2446 799 31 26 de

1732 838 65 22 cette
1812 834 106 27 réunion
1930 856 6 10 ,
1953 836 49 25 afin
2016 836 61 33 qu'il
2092 836 38 26 fût
2144 836 70 33 placé
2228 844 13 19 a
2255 837 55 27 côté
2324 838 31 26 de
2367 838 66 26 celui
2447 839 31 25 de

1732 874 188 34 Washington,
1936 875 64 26 dans
2015 876 23 26 la
2053 876 63 26 salle
2133 877 34 25 du
2186 876 113 33 banquet
2318 878 162 32 qu'ornaient

1732 913 37 27 les
1796 914 130 32 drapeaux
1954 915 143 26 confondus
2126 916 31 25 de
2185 917 168 33 l'Angleterre
2382 921 24 22 et
2434 919 45 24 des

1732 953 159 27 Etats-Unis.

1770 995 47 25 Les
1837 996 117 24 discours
1975 995 30 26 de
2030 996 158 26 l'assemblée
2212 997 69 25 n'ont
2301 1004 45 25 pas
2365 997 112 26 démenti

1732 1040 42 20 ces
1796 1041 120 27 marques
1938 1035 31 26 de
1999 1036 146 32 cordialité;
2175 1036 22 26 le
2227 1036 178 33 représentant
2433 1038 45 25 des

1732 1074 149 27 Etats-Unis
1893 1074 14 27 à
1922 1075 123 26 Londres.
2061 1077 34 25 M.
2108 1077 103 30 Dallas,
2227 1084 13 18 a
2252 1077 60 25 saisi
2328 1081 64 22 cette
2404 1084 60 19 occa-

1732 1113 55 27 sion
1803 1120 62 25 pour
1879 1114 114 26 déclarer
2006 1122 49 26 que
2069 1116 22 25 la
2109 1117 120 32 question
2250 1118 34 24 du
2306 1118 66 25 droit
2392 1118 30 25 de
2441 1118 25 25 vi-

1732 1155 48 24 site
1802 1155 84 25 venait
1914 1155 78 26 d'être
2019 1155 201 28 définitivement
2251 1156 122 27 terminée
2405 1160 72 24 entre

1732 1194 37 25 les
1788 1194 65 26 deux
1875 1199 233 29 gouvernements,
2133 1200 24 22 et
2179 1197 74 32 qu'on
2278 1197 84 26 devait
2383 1196 15 27 à
2422 1198 55 25 leur

1732 1233 48 27 bon
1795 1234 80 33 esprit
1888 1236 97 25 mutuel
2000 1236 22 25 la
2046 1236 147 26 conclusion
2218 1238 110 25 amiable
2350 1238 59 26 d'un
2432 1237 30 27 dé-

1732 1274 43 26 bat
1787 1275 43 33 qui
1845 1275 86 26 durait
1943 1277 91 32 depuis
2049 1284 33 19 un
2096 1278 170 26 demi-siècle.

1766 1321 140 31 Marseille,
1922 1322 14 26 7
1950 1322 91 33 juillet.
2058 1323 49 26 Les
2121 1323 130 26 nouvelles
2266 1324 29 25 de
2310 1324 95 26 Candie
2420 1327 58 23 sont

1732 1360 33 25 du
1791 1361 32 25 30
1848 1361 66 32 juin.
1942 1362 94 31 Quatre
2063 1362 136 26 bataillons
2227 1366 70 23 turcs
2323 1365 31 24 de
2381 1366 97 25 renfort

1732 1400 100 27 avaient
1845 1400 130 34 débarqué
1989 1402 63 26 dans
2068 1403 62 31 l'lle,
2147 1403 32 26 où
2196 1403 22 26 le
2233 1410 116 20 nouveau
2370 1410 93 27 gouver-

1733 1447 78 26 neur,
1827 1442 184 32 Sami-Pacha,
2030 1443 66 26 ainsi
2117 1450 50 27 que
2185 1443 38 27 les
2244 1444 105 26 firmans
2367 1451 97 25 approu-

1732 1485 60 23 vant
1812 1482 35 26 les
1866 1483 164 27 concessions
2057 1484 89 31 faites,
2173 1483 120 28 n'étaient
2317 1492 46 25 pas
2387 1492 91 19 encore

1732 1521 109 27 arrivés.

1767 1562 118 26 L'amiral
1899 1564 213 31 Hassan-Pacha,
2127 1570 163 28 gouverneur
2306 1571 45 26 par
2362 1565 113 32 intérim,

1732 1602 67 25 avait
1815 1601 99 27 sommé
1933 1602 36 25 les
1989 1603 80 26 Turcs
2090 1603 133 34 indigènes
2242 1604 43 33 qui
2305 1604 100 26 avaient
2425 1605 53 32 pris

1732 1642 35 25 les
1794 1648 95 24 armes,
1905 1641 134 26 d'évacuer
2064 1643 37 26 les
2128 1643 150 27 forteresses
2303 1644 75 31 qu'ils
2402 1651 61 19 occu-

1732 1682 101 32 paient;
1850 1681 64 27 mais
1931 1681 35 26 les
1980 1682 82 26 Turcs
2075 1683 102 25 avaient
2190 1683 100 31 refusé,
2306 1690 30 20 en
2349 1685 130 33 alléguant

1731 1721 23 26 la
1774 1721 97 26 crainte
1891 1722 74 32 qu'ils
1986 1722 166 33 éprouvaient
2173 1724 31 26 de
2224 1724 23 25 la
2267 1730 146 28 vengeance
2432 1725 45 27 des

1732 1761 139 26 chrétiens.

1900 1812 269 28 Indépendence
2191 1812 106 28 belge.

1766 1858 83 29 Paris,
1864 1860 15 23 7
1892 1858 93 32 juillet.
2015 1860 19 24 Il
2054 1865 15 27 y
2082 1866 14 18 a
2111 1866 27 19 ce
2152 1860 75 33 qu'on
2242 1867 115 20 annonce
2371 1861 90 32 aujour-

1732 1897 79 31 d'hui,
1826 1897 124 34 déjeûner
1964 1901 25 23 et
2002 1898 73 27 dîner
2089 1899 13 26 à
2118 1900 104 26 Etiolles
2277 1904 77 22 avant
2365 1904 24 22 et
2402 1901 75 32 après

1732 1937 22 26 la
1768 1937 160 27 conférence.
1947 1939 29 25 Je
1991 1946 32 18 ne
2036 1939 84 26 donne
2137 1946 53 25 pas,
2207 1947 98 19 comme
2321 1941 15 25 il
2351 1944 38 22 est
2405 1941 72 26 facile

1732 1977 30 26 de
1788 1977 22 26 le
1833 1977 185 33 comprendre,
2043 1984 29 21 ce
2094 1978 63 34 petit
2179 1978 77 27 détail
2281 1980 14 26 à
2317 1981 94 32 l'appui
2432 1981 45 26 des

1732 2013 157 33 symptômes
1910 2014 144 26 favorables
2077 2014 43 34 qui
2144 2021 28 21 se
2197 2016 149 33 présentent
2369 2025 64 25 pour
2456 2021 22 24 le

1732 2053 121 27 maintien
1866 2054 31 26 de
1911 2054 21 26 la
1946 2054 56 32 paix
2014 2054 163 32 européenne
2190 2064 6 22 ;
2212 2057 143 26 seulement
2365 2064 42 19 ces
2418 2064 45 20 con-

1732 2094 95 25 ditions
1847 2094 63 25 dans
1931 2094 134 33 lesquelles
2086 2102 27 19 se
2135 2098 163 24 rencontrent
2311 2097 164 33 aujourd'hui

1732 2134 36 26 les
1787 2134 234 33 plénipotentiaires
2042 2143 14 19 a
2077 2136 22 25 la
2115 2143 142 27 campagne
2271 2137 30 26 de
2317 2137 156 28 l'honorable

1733 2174 116 26 ministre
1863 2175 46 26 des
1922 2175 102 27 affaires
2037 2175 150 34 étrangères
2201 2177 138 33 indiquent
2351 2178 31 26 de
2393 2180 84 32 quelle

1732 2218 91 23 nature
1836 2215 107 26 amicale
1958 2218 58 23 sont
2030 2216 36 26 les
2081 2217 120 26 relations
2217 2218 173 32 personnelles
2405 2222 72 24 entre

1732 2254 36 26 les
1783 2255 84 25 divers
1881 2254 193 33 représentants
2089 2257 45 25 des
2150 2257 160 32 puissances.

1767 2296 48 25 Les
1828 2296 116 25 versions
1958 2302 45 19 sur
2018 2296 36 26 les
2077 2296 138 27 tendances
2230 2297 57 32 plus
2301 2304 32 19 ou
2350 2299 84 25 moins
2449 2300 20 25 li-

1732 2334 109 32 bérales,
1856 2334 141 28 attribuées
2013 2343 32 19 au
2057 2337 133 26 ministère
2201 2337 148 32 O'Donnell,
2364 2343 58 22 sont
2433 2340 44 25 des

1732 2375 57 32 plus
1809 2375 221 26 contradictoires.
2052 2376 39 27 On
2113 2377 49 25 sait
2181 2378 164 32 aujourd'hui
2365 2385 49 27 que
2439 2379 37 27 les

1732 2415 88 26 Cortès
1835 2418 87 23 seront
1936 2416 127 25 dissoutes
2080 2423 64 26 pour
2154 2416 23 27 le
2191 2418 32 26 15
2234 2418 147 32 septembre
2392 2422 25 23 et
2426 2426 50 26 que

1732 2456 37 24 les
1782 2454 122 27 élections
1928 2456 103 26 suivant
2054 2456 219 27 immédiatement
2288 2461 64 23 cette
2366 2459 98 26 dissolu-

1734 2494 66 32 tion,
1825 2495 23 24 la
1865 2493 167 27 réouverture
2052 2496 34 25 du
2107 2497 145 26 Parlement
2269 2499 124 33 espagnol
2414 2506 63 18 aura

1732 2534 50 27 lieu
1807 2541 63 26 pour
1893 2534 22 27 le
1931 2536 11 25 ler1
1947 2539 18 10 er
1980 2534 111 28 octobre.
2118 2535 34 27 M.
2166 2536 22 26 le
2203 2538 115 32 marquis
2332 2538 30 26 de
2376 2539 98 33 Turgot

1732 2580 57 19 sera
1803 2575 31 24 de
1845 2577 86 22 retour
1946 2582 14 17 a
1975 2578 64 22 cette
2052 2575 98 32 époque
2163 2577 15 24 à
2191 2577 110 26 Madrid.

254 2713 465 46 FEUILLETON.

166 2879 148 58 L’ÉCU
351 2888 66 49 DE
453 2888 88 49 SIX
579 2888 231 49 FRANCS.

450 3042 94 27 (SUITE.)

150 3085 62 28 „Une
236 3085 104 23 dernière
364 3085 46 22 fois
434 3092 38 16 ma
494 3084 86 30 pensée
605 3091 26 16 se
653 3088 92 26 reporta
765 3092 54 16 vers
840 3085 22 22 le

118 3120 97 23 château
232 3120 27 22 de
278 3120 117 22 liellières.
419 3120 28 22 Je
463 3120 74 27 revis,
554 3127 87 15 comme
657 3120 13 22 à
687 3120 22 21 la
725 3120 66 22 lueur
808 3121 52 20 d'un

118 3155 80 28 éclair,
215 3155 35 22 les
267 3155 92 30 pieuses
375 3159 20 18 et
411 3155 82 22 nobles
509 3154 84 30 figures
616 3154 28 23 de
660 3162 52 15 mon
728 3153 53 32 père
797 3158 21 20 et
835 3154 28 23 de

119 3196 37 16 ses
173 3196 83 16 sœurs.
279 3190 28 22 Je
328 3190 71 22 sentis
421 3196 28 15 en
469 3189 45 22 moi
530 3189 97 29 quelque
644 3189 70 22 chose
729 3196 87 15 comme
832 3196 30 15 un

118 3229 89 18 ressort
223 3224 62 22 brisé
299 3224 39 29 qui
354 3231 25 15 se
403 3224 120 22 remontait
543 3229 46 17 tout
606 3224 14 22 à
636 3231 57 22 coup
703 3232 5 14 :
729 3224 26 29 je
777 3229 74 17 retrou-

118 3260 39 22 vai
173 3267 58 22 pour
247 3266 36 15 me
300 3258 110 23 conduire
426 3263 57 18 cette
500 3258 95 23 lumière
611 3258 124 23 intérieure
751 3258 37 30 qui
800 3259 63 23 avait

120 3294 85 22 vacillé
222 3301 29 15 un
268 3297 104 19 moment.
388 3293 39 22 Ma
444 3293 123 22 résolution
585 3293 34 22 fut
635 3293 63 29 prise
714 3293 103 23 aussitôt.

150 3328 128 29 „J'appelai
299 3329 15 22 à
333 3335 53 15 mon
407 3328 53 22 aide
480 3332 47 18 tout
549 3334 26 16 ce
592 3334 43 22 que
648 3328 26 28 je
690 3328 79 22 savais
786 3328 66 23 d'alle-

120 3362 79 28 mand;
215 3362 74 23 c'était
306 3362 52 23 bien
374 3368 52 23 peu,
443 3362 58 22 mais
517 3362 23 22 la
555 3362 139 28 pantomime
711 3362 77 22 devait
803 3369 45 15 com-

120 3397 74 29 pléter
218 3397 21 21 le
261 3404 55 15 sens
339 3396 41 22 des
403 3397 101 28 paroles.
524 3396 28 22 Je
576 3396 35 21 dis
637 3396 15 21 à
675 3395 61 23 Rose
757 3396 53 22 d'un
826 3401 37 17 ton

120 3438 72 23 grave
207 3431 38 29 qui
262 3435 66 26 parut
344 3431 120 27 l'étonner,
487 3434 21 19 et
528 3430 38 29 qui
588 3430 135 23 contrastait
737 3438 57 16 avec
809 3439 54 14 mon

121 3470 91 19 menton
230 3465 102 23 imberbe
340 3473 5 12 :

152 3516 42 12 „
209 3500 54 22 Mon
278 3500 88 27 enfant,
382 3499 15 22 il
415 3500 48 22 faut
473 3506 43 22 que
526 3505 57 16 vous
593 3498 127 24 retourniez
729 3499 14 23 à
752 3499 109 23 Vienne.«

151 3534 66 28 „Elle
232 3541 29 15 ne
277 3534 106 22 semblait
399 3540 43 23 pas
457 3541 36 14 me
510 3533 156 30 comprendre.

152 3582 41 14 „
210 3569 68 27 Oui,"
303 3569 74 29 repris
389 3570 21 28 je
433 3575 58 15 avec
510 3576 44 15 une
573 3573 62 18 sorte
655 3568 27 22 de
702 3569 78 22 dureté
797 3568 54 31 impé-

120 3604 92 27 rieuse,
233 3610 40 17 car
290 3604 27 28 je
334 3603 88 23 sentais
444 3602 68 30 qu'un
532 3603 86 23 instant
639 3603 28 22 de
683 3603 111 22 faiblesse
810 3610 41 22 pou-

123 3638 47 22 vait
186 3643 48 17 tout
249 3638 95 28 perdre:
362 3638 60 26 „oui,
438 3637 83 28 là-bas,
538 3637 50 23 d'où
604 3644 59 16 nous
680 3640 109 20 venons.«

151 3672 42 27 „Et
208 3672 108 23 étendant
331 3679 44 15 «ne
392 3672 60 22 main
468 3679 54 15 vers
540 3671 21 23 le
582 3671 88 23 chemin
691 3679 126 22 parcouru,
842 3673 22 29 je

122 3707 69 23 saisis
207 3707 28 23 de
252 3707 80 23 l'autre
349 3707 61 23 Rose
426 3711 61 18 toute
503 3707 148 26 tremblante,
672 3711 22 18 et
710 3707 22 22 la
748 3706 73 30 forçai
838 3708 26 22 de

122 3746 118 19 retourner
256 3749 40 15 sur
311 3748 39 16 ses
366 3748 56 23 pas,
438 3742 59 22 dans
511 3741 22 22 la
550 3741 112 23 direction
679 3741 27 23 de
723 3742 22 22 la
762 3742 64 23 ville.
843 3742 21 23 A

122 3781 58 17 cette
196 3776 117 28 distance,
336 3783 30 15 on
390 3776 157 29 n'apercevait
566 3782 99 23 presque
686 3783 44 22 que
751 3776 23 22 la
789 3776 62 22 cathé-

123 3810 75 28 drale,
219 3810 90 29 l'église
325 3810 28 23 de
368 3810 184 29 Saint-Etienne,
576 3810 55 23 dont
652 3810 126 24 l'immense
794 3811 70 24 flèche

923 2672 95 23 montait
1038 2679 55 15 vers
1115 2671 22 23 le
1156 2671 44 23 ciel
1221 2676 21 18 et
1264 2671 110 23 dominait
1391 2671 116 23 l'horizon.
1535 2671 64 23 Cette
1623 2678 44 16 vue

923 2715 35 14 me
975 2707 89 29 frappa.
1082 2707 17 21 Il
1116 2714 35 14 me
1167 2707 88 21 sembla
1272 2713 42 22 que
1331 2706 75 22 c'était
1422 2707 60 21 Dieu
1496 2706 115 23 lui-même
1627 2706 39 29 qui

923 2749 35 15 me
974 2742 108 22 montrait
1097 2748 42 15 son
1155 2741 83 29 temple
1254 2748 58 22 pour
1333 2740 116 22 »«'avertir
1472 2745 22 18 et
1518 2748 34 15 me
1574 2748 93 15 sauver.

923 2776 111 22 Pourtant
1049 2776 61 22 Rose
1127 2782 35 16 me
1178 2776 115 28 regardait
1311 2775 114 28 toujours,
1442 2779 21 19 et
1480 2776 87 27 malgré
1582 2775 45 22 moi
1640 2774 27 29 je

923 2818 36 14 nie
975 2810 88 22 sentais
1080 2809 79 22 faiblir
1176 2817 55 14 sous
1248 2817 27 15 ce
1290 2810 96 29 regard,
1408 2810 29 21 où
1460 2816 25 15 se
1502 2808 101 29 peignait
1623 2815 44 16 une

923 2848 71 19 naïve
1010 2844 112 29 surprise.

955 2880 40 27 „Je
1011 2879 122 29 multipliai
1150 2886 48 15 mes
1214 2882 86 26 gestes,
1324 2879 21 29 je
1367 2877 84 22 donnai
1474 2878 13 23 à
1508 2886 37 14 ma
1566 2878 53 22 voix
1636 2883 31 15 un

925 2918 80 18 accent
1022 2914 27 22 de
1065 2914 204 26 commandement,
1285 2919 20 17 et
1324 2914 21 21 la
1362 2913 68 28 jeune
1445 2913 46 22 fille
1507 2913 49 21 finit
1573 2919 42 21 par
1632 2918 35 15 nie

925 2948 59 22 faire
1005 2948 65 29 signe
1090 2947 83 31 qu'elle
1193 2947 136 22 m'obéirait.
1353 2947 71 23 Alors
1445 2947 25 28 je
1494 2945 90 23 fouillai
1609 2946 58 23 dans

924 2991 36 15 ma
977 2982 86 31 poche:
1087 2982 34 23 les
1143 2982 193 23 consommations
1358 2982 29 21 du
1411 2980 52 23 café
1478 2980 101 24 Werner
1595 2986 22 17 et
1634 2981 33 22 les

925 3017 176 29 carambolages
1117 3017 29 22 du
1161 3018 75 28 major
1246 3017 147 23 Crévarolles
1409 3024 29 14 ne
1454 3016 122 22 m'avaient
1588 3015 79 27 laissé,

926 3052 28 22 de
970 3056 47 18 tout
1034 3058 51 16 mon
1102 3052 55 28 petit
1176 3052 83 28 pécule
1279 3052 27 22 de
1322 3058 55 16 sous
1388 3051 136 26 lieutenant,
1540 3049 69 30 qu'un
1625 3049 42 24 écu

926 3087 28 21 de
969 3086 36 22 six
1021 3086 86 21 francs.

956 3120 40 27 „Je
1013 3120 21 22 le
1050 3120 55 29 pris,
1119 3120 27 29 je
1162 3119 20 22 le
1199 3118 84 22 donnai
1300 3118 14 22 à
1330 3118 69 25 Rose,
1415 3121 21 19 et
1452 3118 83 22 fermai
1548 3118 120 23 rudement

926 3162 25 16 sa
968 3155 74 27 main,
1064 3154 45 22 afin
1130 3153 82 30 qu'elle
1231 3160 28 14 ne
1281 3152 19 22 le
1324 3151 80 23 laissât
1426 3160 42 21 pas
1484 3153 99 24 tomber;
1607 3153 59 29 puis,

926 3196 55 16 sans
997 3190 90 28 ajouter
1104 3195 29 16 un
1150 3192 52 23 mot,
1219 3194 55 16 sans
1290 3185 108 30 regarder
1414 3193 28 15 en
1458 3187 93 27 arrière,
1568 3187 28 22 de
1607 3191 60 19 toute

927 3224 23 21 la
966 3224 87 22 vitesse
1069 3223 28 22 de
1113 3230 47 15 mes
1174 3223 92 28 jambes
1282 3223 28 22 de
1326 3223 100 28 dix-sept
1446 3229 55 18 ans,
1519 3223 27 28 je
1567 3229 34 15 nie
1620 3223 36 28 pré-

927 3258 78 30 cipitai
1022 3257 58 23 dans
1097 3257 20 22 le
1133 3257 87 22 sentier
1237 3256 36 30 qui
1290 3256 130 23 conduisait
1437 3256 14 22 à
1468 3262 51 16 mon
1536 3256 95 27 moulin,
1648 3260 20 18 et

927 3299 43 23 que
991 3292 99 30 séparai!
1115 3291 28 22 de
1167 3291 23 22 la
1213 3295 64 18 route
1298 3298 31 15 un
1353 3289 151 23 inextricable
1528 3289 89 24 fouillis
1640 3290 28 22 de

927 3328 77 25 haies,
1021 3327 127 22 d'arbustes
1165 3331 22 17 et
1203 3327 28 21 de
1246 3327 82 29 vignes
1349 3332 123 22 sauvages.
1495 3324 110 23 J'arrivai
1621 3329 47 18 tout

927 3361 52 24 d'un
995 3361 54 22 trait
1064 3361 57 22 dans
1137 3368 38 15 ma
1191 3361 118 28 chambre,
1330 3361 28 28 je
1380 3367 36 15 me
1438 3360 54 29 jetai
1513 3367 40 16 sur
1573 3367 53 15 mon
1644 3360 24 22 lit

927 3397 28 21 de
972 3403 78 22 camp,
1067 3400 21 17 et
1105 3395 34 27 là,
1156 3395 61 22 brisé
1233 3402 41 23 par
1290 3402 26 14 ce
1330 3394 93 22 dernier
1439 3394 77 28 effort,
1532 3394 27 29 je
1574 3401 36 15 me
1626 3394 42 22 mis

927 3431 14 22 à
955 3430 117 29 sangloter
1088 3437 87 15 comme
1196 3437 30 15 un
1242 3429 85 23 enfant.
1351 3429 27 22 Je
1402 3429 100 22 mordais
1526 3436 47 15 mes
1598 3428 69 29 draps

927 3472 58 16 avec
1000 3464 86 23 fureur.
1103 3465 21 22 A
1140 3468 58 19 cette
1214 3464 61 23 crise
1291 3463 98 23 succéda
1406 3471 30 14 un
1452 3462 158 24 accablement
1618 3470 39 22 pro-

927 3499 67 28 fond,
1021 3506 44 15 une
1088 3499 100 22 affreuse
1216 3499 117 22 sensation
1357 3498 216 22 d'anéantissement
1595 3502 22 18 et
1641 3497 28 22 de

927 3534 67 22 vide:
1011 3533 45 23 moi
1073 3533 72 27 aussi,
1159 3533 26 29 je
1201 3541 35 14 me
1252 3532 134 31 surprenais
1402 3533 14 21 à
1430 3539 134 20 murmurer,
1581 3538 87 16 comme

927 3576 31 16 un
975 3569 56 23 écho
1048 3568 28 23 de
1092 3576 51 15 mon
1159 3576 65 15 cœur
1240 3569 77 22 désolé
1326 3567 4 25 :
1347 3568 59 22 Fritz
1415 3568 5 21 !
1437 3567 105 23 Höschen
1552 3567 5 21 !

959 3604 35 27 „A
1009 3607 51 25 sept
1074 3604 83 22 heures
1174 3604 29 22 du
1220 3604 77 26 matin,
1311 3602 125 30 j'entendis
1453 3609 30 15 un
1500 3609 42 22 pas
1555 3601 65 23 lourd
1629 3609 40 14 sur

929 3638 113 23 l'escalier
1058 3638 28 22 de
1102 3638 50 22 bois
1168 3638 137 22 conduisant
1322 3638 14 22 à
1353 3638 22 21 la
1390 3637 86 29 galerie
1492 3637 129 22 extérieure
1632 3636 38 29 qui

929 3673 92 22 ouvrait
1037 3680 39 14 sur
1093 3680 51 15 mon
1161 3673 119 29 logement.
1297 3673 32 23 Ce
1345 3672 61 22 bruit
1421 3678 36 16 me
1473 3670 97 30 rappela
1586 3670 15 22 à
1616 3670 41 22 moi-

929 3710 84 21 même:
1027 3708 27 29 je
1070 3707 119 23 m'élançai
1207 3707 27 24 de
1250 3715 52 15 mon
1319 3708 37 27 lit,
1377 3711 20 18 et
1418 3714 28 15 en
1463 3713 29 15 un
1508 3705 46 23 clin
1571 3705 59 22 d'œil
1645 3705 26 29 je

930 3750 35 14 nie
982 3742 90 23 trouvai
1090 3742 91 28 debout,
1195 3747 47 18 tout
1258 3742 97 28 habillé,
1372 3749 28 15 au
1418 3741 77 23 milieu
1512 3741 28 21 de
1557 3740 22 22 la
1596 3740 60 22 cham-

930 3777 47 23 bre.
1001 3777 36 23 Un
1053 3777 86 23 instant
1155 3777 80 29 après,
1259 3778 19 22 le
1295 3777 74 30 major
1386 3775 147 24 Crévarolles
1550 3778 67 26 parut
1632 3781 40 16 sur

931 3812 21 23 le
968 3813 67 22 seuil.

1762 2669 45 26 „Sa
1823 2669 63 28 large
1902 2669 72 30 figure
1994 2670 107 24 semblait
2120 2671 113 30 épanouie
2254 2679 42 23 par
2316 2680 44 16 une
2382 2681 79 22 expres-

1731 2702 52 22 sion
1800 2702 115 22 d'hilarité
1933 2705 113 21 libertine.
2068 2706 18 21 Il
2103 2707 81 26 renifla
2200 2714 88 16 comme
2303 2715 30 15 un
2349 2710 127 28 marsouin,

1731 2741 22 18 et
1769 2735 81 24 s'écria
1859 2745 5 13 :

1762 2785 41 14 »
1819 2771 112 30 Bonjour,
1948 2772 131 30 lieutenant,
2096 2774 100 30 bonjour
2205 2775 27 24 !...
2249 2774 61 25 Hum
2318 2777 5 21 !
2336 2778 27 28 je
2377 2785 55 16 sens
2448 2779 28 22 de

1731 2806 22 23 la
1769 2807 66 22 chair
1851 2807 95 20 fraîche.

1763 2851 41 15 »
1820 2839 27 22 Je
1863 2846 29 15 ne
1909 2846 59 16 vous
1985 2840 136 30 comprends
2135 2848 54 23 pas,
2209 2842 118 23 monsieur
2343 2844 21 22 le
2379 2846 97 28 major,«

1731 2873 109 30 répondis
1847 2873 27 30 je
1890 2873 144 25 froidement.

1762 2908 101 28 „J'avais
1879 2911 35 20 six
1930 2909 80 29 pieds;
2035 2909 152 30 l'expression
2204 2910 28 23 de
2249 2918 51 15 mon
2316 2912 81 29 visage
2411 2914 65 24 avait

1731 2947 112 26 quarante
1859 2950 54 21 ans;
1935 2943 22 22 le
1978 2943 51 30 plus
2046 2944 93 23 hautain
2157 2945 28 22 de
2200 2953 49 15 mes
2266 2948 105 22 ancêtres
2387 2951 38 20 eut
2441 2948 35 23 été

1731 2981 92 19 content
1840 2977 27 23 de
1883 2977 52 23 moi.

1762 3027 41 12 „
1819 3011 64 23 Vous
1899 3020 29 15 ne
1944 3019 35 15 me
1996 3018 134 23 comprenez
2150 3012 61 30 pas?
2233 3012 44 24 ah!
2299 3015 63 24 voilà
2383 3017 38 29 qui
2443 3022 35 19 est

1732 3047 120 23 charmant
1860 3047 17 22 !"
1896 3047 82 22 s'écria
1994 3047 21 22 le
2031 3048 75 28 major
2123 3048 147 23 Crévarolles
2290 3057 59 15 avec
2364 3058 42 16 son
2422 3060 54 22 gros

1731 3082 59 28 rire;
1814 3081 28 27 »il
1863 3081 37 22 n'a
1921 3088 42 23 pas
1984 3082 34 22 été
2039 3088 104 17 convenu
2167 3088 57 17 avec
2246 3083 22 22 le
2288 3083 89 24 colonel
2394 3093 44 22 que
2450 3094 27 22 je

1732 3116 119 22 viendrais
1865 3116 111 22 chercher
1992 3116 42 27 ici,
2056 3116 28 22 de
2105 3122 27 16 sa
2152 3120 65 25 part,
2239 3123 44 16 une
2295 3118 72 29 jeune
2383 3123 21 19 et
2417 3120 60 29 jolie

1731 3150 100 30 poulette
1847 3150 106 22 ramenée
1969 3154 22 18 et
2007 3149 97 23 remisée
2120 3158 43 21 par
2179 3158 58 15 vous
2246 3151 10 21 ?

1763 3199 41 13 „
1825 3183 128 28 Cherchez,
1977 3184 129 27 monsieur,
2135 3192 60 15 vous
2223 3192 28 16 ne
2279 3189 121 21 trouverez
2427 3195 37 22 per-

1732 3221 93 25 sonne,"
1843 3219 147 29 répliquai-je
2005 3227 41 14 sur
2062 3219 21 22 le
2097 3221 72 21 même
2185 3224 45 18 ton.

1764 3254 30 27 „Il
1811 3254 128 28 écarqnilla
1954 3260 38 15 ses
2008 3253 67 28 petits
2091 3260 62 16 veux
2169 3258 22 18 et
2206 3261 133 21 commença
2360 3261 26 16 sa
2408 3256 68 22 visite

1733 3287 158 23 domiciliaire.
1909 3287 18 22 11
1944 3287 100 23 chercha
2059 3293 55 16 sous
2132 3287 21 22 le
2170 3287 33 27 lit,
2217 3287 100 24 derrière
2330 3288 32 24 les
2372 3290 104 26 rideaux,

1732 3330 26 14 se
1775 3322 22 22 fit
1814 3322 79 22 ouvrir
1909 3322 60 22 deux
1984 3328 28 15 ou
2035 3321 56 21 trois
2115 3325 78 17 autres
2217 3320 121 25 chambres
2361 3322 38 28 qui
2421 3322 41 25 don-

1733 3357 77 23 naient
1826 3365 40 14 sur
1882 3356 22 22 la
1919 3356 96 30 galerie,
2031 3354 120 24 descendit
2166 3354 126 28 l'escalier,
2310 3356 128 31 interrogea
2454 3359 22 21 le

1734 3392 102 22 meunier
1852 3394 22 20 et
1889 3398 27 15 sa
1932 3391 90 26 femme,
2038 3396 29 15 ne
2084 3393 82 20 trouva
2182 3392 57 25 rien,
2255 3396 29 15 ne
2300 3395 39 25 put
2355 3392 88 22 obtenir
2454 3392 23 23 le

1733 3425 103 22 moindre
1853 3425 190 29 renseignement,
2060 3427 21 19 et
2097 3424 49 23 finit
2162 3431 43 22 par
2220 3430 114 17 remonter
2343 3434 5 13 :

1764 3473 40 14 „
1822 3459 58 23 C'est
1897 3458 99 31 parbleu
2012 3458 72 29 vrai,«
2109 3465 36 16 me
2161 3457 70 31 dit-il;
2255 3459 36 28 „la
2314 3458 104 25 colombe
2442 3465 35 20 est

1734 3494 96 22 envolée
1837 3494 18 21 !«
1872 3494 43 23 Ses
1932 3492 66 23 traits
2014 3492 153 31 exprimaient
2182 3500 30 16 un
2228 3492 103 31 grossier
2343 3495 122 30 désappoin-

1734 3533 81 19 tement
1832 3533 21 18 et
1869 3535 45 15 une
1930 3527 112 29 profonde
2058 3526 111 29 surprise.
2186 3529 19 22 Il
2216 3535 35 14 me
2262 3529 115 29 regardait
2390 3537 88 15 comme

1733 3570 59 22 pour
1807 3570 35 15 me
1858 3562 63 22 dire:
1944 3562 38 23 Ah
1997 3562 41 23 cà!
2061 3568 58 16 vous
2135 3569 29 16 ne
2184 3561 106 31 craignez
2312 3563 59 23 donc
2388 3572 41 21 pas
2448 3565 28 22 de

1734 3606 58 15 vous
1810 3596 112 23 brouiller
1938 3604 58 16 avec
2012 3596 23 21 le
2050 3596 90 23 colonel
2150 3597 11 21 ?
2178 3596 49 27 »Au
2244 3597 115 29 surplus,«
2378 3600 99 29 reprit-il

1736 3633 174 27 brusquement,
1929 3637 39 21 „ce
1984 3636 28 16 ne
2029 3636 53 18 sont
2099 3637 41 23 pas
2156 3638 48 16 mes
2220 3632 101 22 affaires.
2338 3632 26 24 Si
2380 3633 21 22 le
2417 3634 48 22 colo-

1735 3667 36 22 nel
1787 3674 26 14 se
1829 3666 75 27 fâche,
1921 3665 51 22 cela
1987 3672 59 17 vous
2062 3665 96 30 regarde
2167 3675 5 14 :
2190 3674 58 16 vous
2266 3674 57 16 vous
2339 3675 139 22 arrangerez

1736 3708 57 16 avec
1809 3701 39 23 lui.
1864 3700 55 27 Moi,
1936 3707 37 16 ma
1988 3700 148 23 commission
2152 3706 35 17 est
2203 3701 79 24 faite...
2296 3702 120 24 Bonsoir.«

1766 3736 40 28 „Je
1821 3735 125 23 m'inclinai
1963 3735 210 28 silencieusement,
2189 3740 21 18 et
2226 3736 16 22 il
2258 3737 74 22 sortit.

1767 3772 79 26 „Dans
1862 3769 23 23 la
1897 3770 112 30 journée,
2030 3771 27 29 je
2074 3778 37 15 me
2131 3771 117 23 retrouvai
2266 3779 28 15 en
2316 3772 111 29 présence
2448 3773 30 24 du

1736 3805 92 23 colonel
1844 3805 102 29 Ducray.
1962 3805 33 23 Le
2011 3813 63 15 cœur
2089 3812 37 17 me
2143 3806 79 22 battait
2239 3806 53 23 bien
2308 3806 57 28 fort,
2381 3807 58 24 mais
2451 3809 27 29 je
