2580 4060
110 177 37 27 On
170 182 90 21 assure
279 183 50 27 que
348 177 34 26 M.
402 177 23 25 le
444 179 82 24 comte
549 177 32 25 de
603 177 134 33 Persigny,
753 177 65 26 dans

75 226 45 18 son
135 223 96 27 voyage
251 217 82 26 actuel
350 216 13 26 à
378 217 124 31 Londres,
518 216 61 27 était
594 216 95 34 chargé
704 217 31 26 de
750 224 52 19 com-

74 256 137 34 muniquer
237 264 14 19 a
274 258 26 26 S.
327 257 34 26 M.
385 257 22 25 la
433 257 70 26 reine
527 257 177 34 d'Angleterre
724 257 21 26 le
761 264 44 25 pro-

74 303 117 28 gramme
214 298 44 27 des
283 298 62 26 fêtes
365 298 31 26 de
411 298 160 33 Cherbourg.
600 298 33 26 Le
652 298 45 26 fait
710 298 37 26 n'a
763 298 53 25 rien

75 337 260 26 d'invraisemblable.

108 376 20 26 II
144 378 71 26 m'est
229 377 97 27 affirmé
339 384 59 27 que,
415 377 91 33 depuis
520 377 117 26 l'arrivée
650 385 50 18 aux
715 378 103 25 affaires

74 416 32 26 de
119 416 156 29 l'honorable
295 419 33 25 M.
351 419 137 33 Delangle,
505 425 33 19 un
554 419 96 25 certain
667 418 106 26 nombre
787 418 31 26 de

76 458 158 33 transportés
249 464 29 20 en
294 458 103 34 Algérie
411 458 50 34 (j'ai
477 458 110 26 entendu
602 459 83 25 même
698 458 83 26 élever
795 458 22 27 le

74 497 88 28 chiffre
176 500 14 25 à
208 498 59 34 120)
283 503 44 22 ont
340 498 39 27 été
389 499 128 26 autorisés
528 499 13 26 à
554 503 99 22 rentrer
666 506 30 18 en
709 500 106 30 France,

75 543 49 20 non
142 547 58 25 pas,
216 539 15 26 il
246 543 38 22 est
299 540 63 30 vrai,
378 546 30 18 en
424 545 93 24 masse,
535 539 64 25 mais
614 546 45 25 par
674 539 130 25 individua-

74 576 43 27 lité
127 586 31 20 ou
171 586 45 26 par
227 585 112 28 groupes
350 582 23 23 et
384 579 76 32 après
472 585 49 19 une
532 580 108 33 enquête
652 579 162 26 minutieuse.

73 618 28 25 Je
116 625 62 21 vous
201 622 139 23 transmets
358 625 29 20 ce
406 619 46 26 fait
471 625 100 20 comme
592 625 32 20 on
639 624 31 20 ne
686 622 58 29 peut
761 619 57 33 plus

74 657 206 28 vraisemblable.
303 659 33 26 La
358 657 143 34 polémique
521 658 114 34 engagée
648 662 72 23 entre
733 659 84 26 divers

74 697 127 33 journaux
222 707 45 18 sur
280 699 22 25 la
318 699 171 33 signification
505 699 32 25 de
550 700 22 24 la
587 699 117 25 dernière
720 700 84 25 modifi-

76 740 82 27 cation
175 738 175 27 ministérielle
365 745 27 19 se
405 740 130 30 continue,
552 742 24 22 et
590 739 22 25 la
626 740 88 25 Patrie
724 739 44 26 fait
776 739 28 26 ob-

75 785 87 21 server
177 784 61 20 avec
252 779 96 30 raison,
365 784 28 21 ce
406 779 62 31 soir,
484 784 50 28 que
547 779 145 25 l'existence
707 779 68 25 seule
787 780 31 25 de

74 822 66 23 cette
163 818 144 34 polémique
330 818 105 33 indique
461 826 33 19 un
518 819 173 33 changement
712 817 102 28 évident

74 858 66 27 dans
155 859 22 25 la
198 858 132 26 situation.
361 859 67 26 C'est
448 866 29 18 ce
494 866 51 25 que
564 867 62 18 vous
644 866 60 18 avez
720 859 44 25 fait
779 865 27 19 re-

74 905 122 26 marquer
220 899 170 25 vous-même.
420 900 29 25 Je
471 899 85 31 doute,
581 906 31 18 au
627 902 82 29 reste,
732 906 49 26 que
796 900 22 24 le

74 939 67 32 Pays
155 939 120 26 continue
289 939 15 25 à
317 939 116 26 soutenir
447 945 28 20 sa
491 939 80 27 thèse.

364 993 43 22 Le
428 993 106 22 Nord.

109 1029 88 33 Paris,
214 1031 15 25 6
242 1030 93 32 juillet.
361 1031 28 25 Je
403 1037 64 19 vous
486 1030 24 26 ai
523 1029 116 27 annoncé
652 1036 50 27 que
720 1030 24 26 la
764 1030 42 26 hui-

76 1068 76 28 tième
170 1070 156 27 Conférence
346 1078 27 18 se
392 1070 121 26 tiendrait
534 1071 100 25 demain
656 1078 33 17 au
710 1070 107 25 château

76 1108 138 34 d'Etiolles,
230 1111 61 25 chez
306 1111 22 26 le
342 1110 131 33 président
487 1111 33 24 du
540 1110 118 35 congrès.
689 1111 71 25 Cette
781 1110 26 26 ré-

76 1151 77 26 union
176 1151 61 26 chez
261 1151 23 26 le
305 1154 82 23 comte
406 1150 139 27 Walewski
565 1150 68 26 suffit
650 1150 14 26 à
684 1150 47 27 elle
750 1150 70 27 seule

76 1195 65 26 pour
159 1190 148 27 démontrer
328 1190 107 27 l'accord
455 1191 44 32 qui
518 1190 60 27 s'est
597 1190 76 27 établi
694 1194 72 22 entre
784 1190 36 26 les

76 1230 246 33 plénipotentiaires.
343 1232 32 24 Ils
387 1232 120 25 dîneront
517 1231 13 24 à
542 1231 114 30 Etiolles,
668 1233 24 23 et
703 1231 15 24 il
733 1238 14 25 y
758 1238 62 18 aura

76 1269 23 26 le
113 1272 51 25 soir
179 1272 170 26 illumination
361 1275 24 22 et
399 1271 49 26 fête
459 1277 31 19 en
505 1271 55 26 leur
571 1272 126 25 honneur.
719 1272 33 24 Ils
764 1272 45 25 s'at-

78 1312 103 25 tendent
194 1310 14 26 à
224 1318 31 19 ne
269 1311 57 33 plus
340 1311 71 26 avoir
422 1317 49 27 que
482 1311 62 26 trois
558 1317 31 21 ou
601 1315 91 29 quatre
705 1310 114 28 séances.

77 1349 55 28 Une
147 1352 152 31 suspension
315 1351 59 26 d'un
390 1351 65 26 mois
469 1351 78 26 serait
561 1350 114 27 destinée
688 1358 32 19 au
732 1352 88 25 travail

77 1389 32 27 de
127 1391 129 26 rédaction
277 1391 46 26 des
335 1392 103 25 articles
458 1391 34 26 du
509 1391 142 34 règlement
669 1392 151 33 organique,

79 1432 91 23 travail
186 1432 79 25 confié
279 1432 13 25 à
308 1438 49 19 une
370 1432 166 26 commission
551 1431 120 31 spéciale.

113 1470 48 25 Les
167 1470 128 33 journaux
303 1471 32 27 de
342 1471 153 34 Cherbourg
503 1471 114 33 publient
626 1472 21 25 le
659 1478 162 27 programme

78 1508 45 27 des
137 1510 61 27 fêtes
212 1512 42 32 qui
269 1515 93 22 auront
375 1513 50 24 lieu
440 1512 65 25 dans
519 1515 65 22 cette
600 1511 58 26 ville
675 1512 111 31 pendant
800 1512 22 25 le

78 1548 87 33 séjour
180 1551 30 25 de
224 1551 160 31 l'Empereur
397 1554 24 22 et
435 1551 31 25 de
480 1551 192 32 l'lmpératrice.
694 1552 50 25 LL.
759 1552 61 25 MM.

79 1591 143 25 arriveront
241 1590 23 26 le
285 1591 137 31 vendredi,
439 1592 16 26 6
469 1591 75 31 août,
565 1592 14 25 à
598 1592 58 32 cinq
676 1592 93 25 heures
788 1592 33 26 du

79 1630 61 30 soir,
156 1633 25 22 et
193 1631 221 33 s'embarqueront
425 1631 23 26 le
462 1631 136 27 dimanche
612 1631 61 32 soir,
689 1632 26 31 8,
731 1639 14 19 a
760 1632 62 26 bord

79 1669 31 27 de
124 1670 23 27 la
161 1671 126 33 Bi-etagne
303 1678 64 25 pour
382 1672 83 25 Brest.

114 1710 88 32 Paris,
214 1711 16 26 6
239 1711 92 32 juillet.
353 1711 38 26 On
403 1712 59 25 s'est
473 1712 109 33 quelque
601 1718 48 26 peu
671 1711 150 33 préoccupé,

79 1749 91 32 depuis
189 1752 57 25 huit
264 1752 86 32 jours,
370 1752 32 25 de
416 1752 100 26 conflits
529 1752 44 33 qui
588 1752 116 26 auraient
722 1758 32 20 eu
773 1752 49 25 lieu

80 1788 14 26 à
109 1790 79 28 Rome
201 1794 71 23 entre
286 1791 36 27 les
337 1791 130 27 habitants
482 1796 25 22 et
520 1792 37 26 les
571 1792 96 27 soldats
684 1792 31 26 de
729 1792 22 26 la
765 1799 45 27 gar-

80 1829 73 28 nison
168 1831 134 32 française.
328 1832 47 26 Ces
394 1833 58 25 faits
473 1833 69 25 n'ont
560 1840 100 18 aucune
680 1839 144 26 apparence

81 1869 32 27 de
126 1871 112 33 gravité;
257 1879 28 19 ce
295 1872 43 33 qui
355 1872 22 25 le
392 1879 104 25 prouve,
512 1874 61 24 c'est
584 1879 50 28 que
645 1873 22 25 le
678 1872 104 35 général
793 1873 31 24 de

81 1910 101 33 Goyon,
203 1912 43 33 qui
266 1912 151 26 commande
435 1919 31 19 en
486 1912 60 27 chef
562 1912 23 26 le
601 1919 76 26 corps
691 1913 119 32 d'occupa-

81 1950 63 33 tion,
160 1959 27 20 se
200 1952 104 33 dispose
317 1960 13 19 a
346 1956 100 23 rentrer
458 1959 31 20 en
500 1953 98 26 France
611 1960 61 19 avec
686 1960 32 19 un
733 1951 89 35 congé,

81 1990 107 27 laissant
202 1993 22 25 le
237 1993 223 26 commandement
470 1993 14 26 à
495 1994 34 26 M.
543 1994 21 25 le
577 1993 103 33 général
696 1994 31 25 de
740 1994 82 25 Noue.

312 2065 288 53 Verschiedenes.

111 2125 50 23 Das
187 2124 123 29 Maximum
344 2126 34 23 der
411 2126 202 29 Tagestempciatui
632 2127 72 27 betrug
731 2128 76 26 gestern
817 2142 6 10 ,

82 2158 21 21 8.
121 2159 60 27 Juli,
198 2160 43 27 hier
256 2160 92 29 -s-2l»b
366 2161 36 21 de«
426 2159 189 30 hundertgrabigen
641 2159 184 28 Thermometers,

82 2192 39 22 da«
138 2193 120 24 Minimum
275 2196 29 26 -f-
315 2194 44 23 11°.

157 2231 46 23 Der
218 2234 79 27 Regen,
308 2234 83 24 welcher
404 2234 35 24 seit
455 2234 115 27 vorgestern
587 2233 86 26 beinahe
689 2232 136 30 nachgelassen

82 2269 44 21 und
150 2266 85 28 dadurch
259 2267 32 23 die
314 2266 167 31 Befürchtungen
507 2267 134 26 anhaltender
658 2268 72 23 Dürre
751 2269 75 22 wieder

83 2302 121 26 aufzuregen
225 2302 106 26 begonnen
353 2303 66 23 hatte,
441 2302 46 25 fällt
503 2302 35 25 seit
562 2302 177 26 lehtverwichencr
762 2302 64 26 Nacht

83 2333 39 23 mit
136 2333 122 28 ziemlichem
276 2334 113 28 Nachdruck
405 2335 42 22 und
464 2334 56 29 läßt,
537 2339 40 19 au«
593 2335 64 24 Wind
674 2336 42 22 und
733 2335 93 24 Wollen»

82 2373 36 24 zug
134 2374 24 22 zu
174 2369 108 28 schließen,
298 2370 37 26 auf
355 2369 44 22 eine
420 2370 82 27 längere
522 2369 74 23 Dauer
613 2370 72 26 feuchte
707 2370 118 28 Witterung

83 2408 108 18 erwarten.
214 2403 31 21 Es
261 2403 81 21 weiden
359 2402 59 27 somit
434 2404 31 22 die
481 2404 129 29 Besorgnisse
627 2404 36 28 auf
679 2406 38 21 den
733 2405 93 28 Mangel»

83 2438 69 26 haften
172 2436 88 28 Ausfall
282 2439 33 22 der
336 2438 64 24 Ernte
421 2438 150 29 grüßtentheils
591 2439 154 27 verschwinden.
772 2439 54 27 Auch

82 2471 52 22 wird
151 2471 31 24 die
199 2472 123 28 Schifffahrt
338 2473 36 28 auf
391 2473 76 26 Mosel,
485 2473 62 23 Saar
561 2474 42 22 und
616 2473 74 24 Sauer
705 2474 34 29 sich
756 2480 70 17 »euer«

83 2507 63 29 ding«
161 2507 82 22 beleben
260 2508 43 22 und
319 2507 108 27 besonder«
449 2510 46 21 dem
514 2510 34 21 der
563 2509 110 28 Industrie
690 2509 18 26 so
726 2510 100 27 empfind«

83 2542 62 27 lichen
161 2542 167 29 Kohlenmangel
345 2543 102 27 abhelfen.

158 2581 46 23 Au«
227 2582 82 26 Remich
328 2583 74 22 meldet
423 2588 50 16 man
492 2585 43 20 un«
555 2583 45 23 eine
624 2582 112 29 glücklicher
760 2582 66 29 Weise

84 2616 52 26 ohne
151 2616 81 22 weitere
246 2617 80 27 Folgen
342 2617 115 27 gebliebene
469 2617 158 27 Feucrsbrunst,
639 2617 69 27 welche
724 2623 34 17 »m
772 2617 54 24 Vor»

885 171 85 28 Mittage
990 172 37 22 de»
1043 172 21 21 8.
1080 172 19 22 d.
1116 172 36 22 M.
1169 172 22 22 in
1205 172 79 26 einem,
1306 173 46 21 dem
1373 172 83 28 Winzer
1478 173 66 28 Franz
1564 173 61 23 Klein

884 206 110 29 gehörigen
1005 206 114 28 Schuppen
1136 207 99 26 ausbrach
1253 209 40 20 und
1310 209 39 21 das
1361 207 99 23 Gebäude
1476 210 73 23 lammt
1565 209 60 22 darin

884 240 139 29 besiudlichem
1037 241 48 23 Klee
1102 243 42 21 und
1160 241 70 25 Stroh
1248 249 20 15 in
1286 242 57 26 Asche
1355 244 58 27 legte.
1429 243 59 28 Zwei
1504 243 121 27 aiifiofjenfce

885 275 98 22 Gebäude
1000 277 66 25 haben
1083 282 40 16 nur
1137 277 98 27 geringen
1248 277 95 27 Schade»
1360 283 130 22 genommen.
1508 277 44 22 Der
1563 284 62 22 ganze

884 310 81 27 Pcilust
984 310 53 22 wird
1059 310 35 27 auf
1110 310 43 22 500
1175 310 35 28 Fr.
1230 311 141 29 veranschlagt.
1398 311 45 23 Der
1464 312 49 22 Vau
1535 318 44 17 war
1596 314 29 21 bei

884 343 54 22 einer
954 344 105 28 Brüsjiler
1080 344 127 28 Gesellschaft
1231 345 112 27 assecurirt.
1375 346 177 30 Unvorsichtigkeit
1573 349 52 20 beim

1018 378 56 22 eine«
1093 379 70 28 Fasse«
1180 385 44 16 war
1240 380 30 22 die
1288 381 81 25 Urjache
1385 382 36 21 de«
1437 381 107 25 Brande«,
1563 382 62 27 dessen

884 412 210 29 Wcitclverbieitung
1111 414 32 22 die
1155 414 126 27 Einwohner
1293 420 41 17 von
1347 415 82 28 Remich
1442 416 48 26 auf«
1507 416 118 28 energischte

884 446 99 28 bekämpft
1001 448 72 26 haben.

912 491 55 23 Cob
976 492 67 27 lenz,
1061 491 12 22 7
1098 492 58 25 Juli.
1183 492 50 22 Den
1256 492 130 26 Bewohnern
1408 495 34 22 der
1459 494 126 26 Moselorte,
1607 496 18 25 fo

883 525 39 23 wie
938 528 45 20 dem
1000 525 62 27 dahin
1078 527 145 24 verkehrenden
1239 526 114 27 Publicum
1375 528 52 23 kann
1444 529 31 22 die
1492 530 71 28 hiesige
1579 530 46 28 Zei.

884 564 51 25 lung
951 561 32 22 die
1000 560 112 28 erfreuliche
1127 561 140 30 Mitteilung
1281 562 92 29 bringen,
1385 563 40 27 daß
1436 564 22 22 in
1469 564 72 22 8—II)
1552 564 73 29 Tagen

884 596 38 21 das
943 602 51 16 neue
1011 596 41 25 hier
1069 596 21 22 in
1107 598 35 20 der
1157 596 135 27 Elsner'schen
1310 597 203 29 Maschinen-Fabrik
1531 602 94 23 erbaute,

884 630 41 26 sehr
941 630 120 29 geräumige
1072 630 202 28 Local'Dampft'oot
1290 633 36 21 des
1338 632 102 29 Schiffers
1457 633 53 24 Volk
1525 640 42 16 von
1584 635 41 25 hier

884 664 99 23 vollendet
1000 665 40 23 sein
1057 666 42 21 und
1116 665 52 26 seine
1184 666 153 28 regelmäßigen
1353 668 89 28 Fahrleu
1460 669 36 27 auf
1513 670 33 21 der
1557 669 68 27 Mosel

884 699 99 28 beginnen
1000 700 65 25 wird,
1086 700 19 26 so
1128 700 40 27 daß
1188 701 93 22 alsdann
1298 702 33 22 der
1348 702 69 27 seither
1433 702 36 28 fast
1485 703 89 28 gänzlich
1591 706 34 20 in«

884 734 88 23 Stecken
993 735 108 28 gerathene
1121 734 88 26 Verkehr
1225 735 46 28 nach
1288 736 34 22 der
1339 736 145 30 Moselgegend
1499 739 75 22 wieder
1590 740 35 22 in«

884 768 64 22 leben
964 773 63 17 treten
1044 769 61 21 wird.
1129 768 50 23 Da«
1196 770 57 22 Boot
1270 771 33 25 hat
1320 771 44 22 eine
1381 772 66 27 länge
1464 777 40 18 von
1520 773 29 22 95
1566 773 59 28 Fuß,

884 803 22 28 ist
966 802 46 30 Fuß
1033 803 52 23 breit
1105 804 43 22 und
1170 804 34 27 hat
1220 804 32 22 ein
1269 805 57 27 feste«
1343 806 85 23 Verdeck
1444 807 39 22 mit
1500 807 125 28 Sil,'bäuten

884 839 99 21 rundum.
1005 837 56 23 Sein
1074 837 104 31 Tiefgang
1197 839 34 25 scll
1248 839 50 28 nicht
1314 840 57 28 mehr
1387 843 33 20 als
1434 842 32 25 11,
1478 842 99 27 höchsten«
1594 843 31 22 bei

884 872 93 26 schwerer
1003 872 84 29 Ladung
1115 873 27 21 12
1166 873 49 28 Zoll
1234 874 108 29 betragen,
1364 875 18 27 f«
1406 875 40 28 daß
1467 879 22 20 e«
1509 878 32 22 bei
1560 877 65 27 jedem

884 906 148 28 Wasserstande
1047 907 74 27 fahren
1138 907 58 23 kann.
1496 911 49 28 (Tr.
1561 912 35 27 Z.>

913 950 82 26 Köln,
1011 950 21 22 6.
1049 950 58 26 Juli,
1134 951 42 26 Im
1196 952 79 23 Monat
1295 953 57 25 Juni
1374 954 72 28 gingen
1468 961 27 16 an
1511 956 116 28 Beiträgen

884 985 34 26 für
934 986 37 21 den
989 984 102 23 Domban
1107 986 31 22 bei
1163 989 34 19 der
1219 986 60 28 Kasse
1300 987 57 22 9(328
1375 987 61 27 Thlr,
1460 989 45 26 ein,
1528 991 99 22 darunter

884 1018 44 22 850
942 1019 61 27 Thlr.
1015 1024 41 18 von
1073 1022 37 20 den
1127 1020 220 25 Commercienrätben
1364 1022 106 25 Abraham
1486 1026 43 20 und
1544 1025 83 23 Simon

884 1052 133 29 Oppenheim
1038 1055 43 22 und
1104 1054 57 22 9000
1176 1054 60 23 Thlr.
1254 1060 41 17 von
1312 1057 34 21 der
1361 1056 180 24 Kölu.Mindener
1558 1059 69 27 Eisen«

884 1087 200 27 bllhn.Gesellschaft,
1113 1088 30 23 E«
1166 1088 22 28 ist
1204 1090 102 26 rühmend
1322 1096 23 21 zu
1361 1091 111 25 bemerke«,
1489 1092 40 28 daß
1546 1093 21 23 in
1584 1098 44 18 dem

886 1122 69 27 letzten
971 1122 79 29 Betrag
1066 1122 59 22 2000
1141 1123 61 26 Thlr.
1220 1124 104 26 enthalten
1340 1125 53 28 sind,
1420 1127 71 27 welche
1507 1127 32 23 die
1553 1127 76 24 Direc.

885 1158 59 19 Toren
960 1158 35 19 der
1007 1157 116 26 Eijenbahn
1139 1160 41 19 von
1197 1157 54 28 ihrer
1263 1157 112 25 Tantieme
1392 1162 44 20 dem
1454 1160 101 24 Dombau
1570 1163 58 22 über»

885 1190 79 27 wiesen.
992 1191 35 25 In
1047 1193 46 21 dem
1116 1193 61 28 ersten
1193 1193 104 27 Halbjahr
1313 1194 96 29 betragen
1425 1194 39 24 alle
1480 1196 100 29 Beiträge
1596 1204 32 22 zu«

887 1226 91 25 sammen
993 1226 80 24 2!,509
1090 1225 61 28 Thlr.
1168 1226 13 22 7
1199 1226 55 28 Sgr.
1271 1227 11 22 1
1300 1227 36 28 Pf.
1494 1229 48 29 (Tr,
1561 1232 36 28 Z.>

916 1270 80 26 Köln,
1013 1269 13 23 ?
1042 1269 58 26 Juli.
1118 1269 50 24 Da«
1181 1271 77 27 neueste
1269 1271 48 27 Heft
1328 1273 35 21 der
1380 1273 141 28 „Jahrbücher
1532 1276 35 22 der
1578 1276 51 23 Vcr«

886 1304 97 28 breitung
1001 1306 36 21 de«
1055 1304 126 23 Glauben«"
1200 1305 72 30 bringt
1292 1307 38 21 den
1347 1307 215 30 Rechnnngs-Bericht
1580 1312 49 22 über

887 1340 39 21 das
943 1339 57 27 Jahr
1017 1339 63 22 1857.
1098 1339 42 22 Die
1156 1339 29 22 im
1197 1340 24 25 I.
1241 1341 54 21 185?
1312 1341 85 29 erfolgte
1408 1342 56 28 Zahl
1481 1345 34 21 der
1530 1345 99 28 gesamm«

887 1377 33 20 ten
936 1373 97 27 Almosen
1040 1390 6 10 ,
1063 1374 69 28 welche
1149 1375 32 22 die
1198 1375 94 23 Summe
1308 1379 41 19 von
1365 1377 117 26 4,191,716
1498 1378 35 29 Fr.
1551 1380 27 21 27
1595 1381 34 22 Et.

889 1409 98 27 erreichte,
1004 1409 104 27 übertrifft
1124 1409 32 22 die
1172 1409 29 23 im
1218 1409 25 26 I.
1262 1410 55 22 1856
1337 1411 77 28 erzielte
1429 1414 46 24 noch
1488 1420 36 16 um
1535 1414 95 26 286,648

889 1443 35 28 Fr.
940 1443 28 21 56
985 1443 34 23 Ct.
1050 1443 33 28 Zu
1105 1442 59 28 jene»
1182 1443 133 28 Einnahmen
1339 1446 97 27 steuerlcn
1452 1450 60 20 unter
1528 1448 101 24 Anderem

887 1478 45 22 bei:
950 1478 117 29 Frankreich
1084 1478 117 25 2,583,514
1218 1479 36 28 Fr.
1270 1480 13 20 3
1300 1480 33 24 C„
1350 1480 165 28 Großbritanie»
1533 1485 42 21 und
1591 1485 39 24 Ir°

888 1513 50 22 land
957 1513 92 24 186,044
1066 1513 36 28 Fr.
1119 1514 27 19 ?N
1163 1513 37 25 C.,
1217 1513 99 28 Preußen
1337 1516 88 24 199,204
1444 1517 36 28 Fr.
1497 1518 28 21 23
1541 1518 38 26 C,<
1596 1519 35 22 der

888 1546 136 28 Kirchenstaat
1038 1548 79 24 73,73«
1136 1548 35 28 Fr.
1191 1548 24 21 19
1234 1548 33 25 C.,
1283 1549 31 21 die
1326 1548 92 30 Schweiz
1430 1551 80 25 52,263
1522 1552 36 29 Fr.
1577 1554 5 20 !
1598 1553 32 26 C„

889 1581 81 28 Neapel
987 1583 11 19 3
1005 1583 61 24 1,990
1084 1581 44 29 Fr.,
1146 1581 93 23 Sicilien
1256 1582 81 25 23,255
1352 1584 35 29 Fr.
1404 1585 14 22 4
1434 1585 34 26 C.,
1485 1586 39 23 da«
1541 1587 90 23 lombar.

889 1615 203 28 disch'venetianische
1115 1615 120 30 Königreich
1263 1618 79 22 38.278
1366 1619 37 28 Fr.
1429 1621 27 20 72
1480 1620 37 26 C.,
1541 1622 90 29 dagegen

889 1650 101 28 Spanien
1007 1657 41 16 nur
1064 1651 56 20 4014
1138 1651 36 28 Fr.
1187 1651 28 22 56
1226 1652 34 25 C.,
1276 1652 99 27 während
1386 1652 106 30 Portugal
1507 1657 76 23 19,227
1596 1657 35 28 Fr.

889 1685 28 22 88
938 1685 24 22 C.
983 1685 205 28 zusammenbrachte.
1221 1686 62 22 Unter
1304 1688 38 21 den
1364 1689 152 28 namhaftesten
1537 1689 95 25 Städten

889 1719 78 27 brachte
983 1719 66 28 Pari«
1070 1721 90 25 164,493
1178 1721 36 29 Fr.
1230 1720 14 22 3
1260 1722 25 22 E.
1303 1723 47 26 auf,
1370 1723 112 28 Bordeaux
1498 1726 76 24 63,32!
1595 1727 36 28 Fr.

889 1754 28 21 80
931 1754 25 22 C,
964 1769 5 10 ,
991 1754 54 27 Lyon
1064 1755 44 26 (der
1130 1754 46 28 Sitz
1199 1757 36 20 de«
1254 1755 103 29 Vereins)
1378 1757 96 26 242,053
1494 1759 36 28 Fr.
1546 1760 28 22 95
1590 1761 25 23 C.
1626 1777 5 10 ,

889 1788 102 24 Cambrai
1010 1789 92 25 10,,34?
1119 1789 35 28 Fr.
1171 1790 29 21 98
1216 1790 39 26 C.,
1277 1790 95 28 Mecheln
1394 1792 80 25 55,348
1494 1794 37 29 Fr.
1546 1796 24 20 6!
1592 1795 25 23 C.
1626 1812 6 10 ,

889 1823 55 22 Köln
966 1823 54 28 nebst
1039 1824 34 21 der
1095 1823 115 28 Erzdiözese
1228 1826 92 24 104,722
1337 1827 35 28 Fr.
1389 1828 29 20 50
1434 1828 24 22 C.
1491 1828 41 23 Die
1554 1830 78 27 „Jahr,

889 1857 71 28 bllcher
976 1859 32 21 der
1026 1856 139 31 Verbreitung
1182 1860 35 22 de«
1234 1859 127 27 Glaube»«,,
1380 1863 79 21 werde»
1476 1863 42 28 jetzt
1535 1865 38 22 alle
1585 1866 47 26 zwei

889 1892 91 23 Monate
996 1898 24 22 zu
1038 1893 93 24 198,650
1148 1893 140 28 Exemplaren
1304 1895 100 28 gedruckt,
1420 1897 101 28 nämlich:
1541 1900 91 24 122,000

890 1927 22 22 in
931 1927 148 28 französischer,
1100 1927 82 25 20,000
1201 1928 22 22 in
1244 1929 116 28 englischer,
1385 1931 79 24 20.000
1485 1932 21 22 in
1528 1933 104 28 deutscher,

892 1962 54 21 1630
963 1961 22 22 in
1001 1961 121 27 spanischer,
1138 1961 59 22 5000
1213 1962 22 23 in
1251 1964 165 28 flamändischer,
1432 1966 81 25 25,000
1528 1966 22 23 in
1566 1967 66 24 italie»

889 1995 81 28 nischer,
986 1996 58 21 2500
1059 1996 22 22 in
1097 1997 168 29 portugiesischer,
1281 1999 58 22 2000
1355 2000 20 22 in
1388 2000 153 29 holländischer,
1557 2002 43 23 500
1612 2004 20 22 in

889 2029 111 28 polnischer
1016 2029 101 28 Sprache.

962 2069 41 25 Im
1021 2069 83 29 „Wtbg.
1120 2069 118 29 Wochenbl.
1250 2072 34 25 für
1300 2072 64 23 Sand-
1379 2074 43 22 und
1438 2074 193 29 Forstwirthschaft"

889 2104 90 26 berichtet
995 2104 25 23 S.
1038 2104 89 29 Lempp:
1149 2105 69 27 Durch
1235 2106 30 22 die
1282 2107 59 23 Güte
1356 2108 36 22 de«
1409 2108 110 28 Freihemi
1536 2115 20 17 v.
1574 2111 59 26 Luck,

889 2138 81 27 welcher
991 2140 37 21 den
1050 2139 77 23 Anbau
1149 2141 35 22 der
1200 2141 118 27 Moorhirse
1333 2143 48 21 oder
1398 2142 87 30 Sorgho
1502 2145 39 23 mit
1558 2145 72 28 bestem

890 2173 72 28 Erfolg
980 2174 36 26 auf
1032 2175 44 21 dem
1094 2174 146 27 Lautenbacher
1255 2176 43 26 Hof
1313 2177 101 22 betreiben
1432 2179 56 26 läßt,
1506 2180 43 22 kam
1569 2180 26 28 ich
1612 2181 20 22 in

890 2207 62 27 Besitz
968 2211 42 18 von
1024 2208 15 21 3
1055 2207 72 27 Pfund
1144 2208 85 24 Samen
1238 2225 5 10 ,
1267 2210 72 23 womit
1359 2211 27 27 ich
1409 2211 58 23 einen
1490 2212 91 29 Morgen
1598 2215 36 26 auf

890 2240 94 29 folgende
1000 2242 39 23 Art
1061 2244 92 24 aussaete
1165 2251 5 14 :
1187 2245 34 23 In
1237 2245 81 26 Reihen
1335 2250 41 17 von
1395 2249 6 18 >
1410 2247 7 24 J
1436 2246 47 28 Fuß
1502 2247 132 30 Entfernung

891 2279 86 19 wurden
998 2278 32 20 die
1045 2276 82 24 Körner
1144 2277 21 23 in
1182 2278 108 28 denselben
1306 2284 41 18 von
1366 2283 37 19 l—
1408 2280 13 23 Ô
1436 2281 48 29 Zoll
1501 2282 133 30 Entfernung

890 2310 42 22 und
950 2310 35 28 auf
1000 2311 72 28 gleiche
1089 2312 51 26 Art,
1157 2313 40 22 wie
1218 2315 35 21 der
1274 2315 143 28 Futtermai«,
1441 2317 40 21 mit
1500 2317 134 28 einmaligem

890 2345 102 26 Behacken
1008 2347 97 25 wahrend
1122 2348 34 20 der
1171 2347 179 29 Pegetationszeit
1366 2350 93 28 gepflegt.
1487 2350 46 24 Der
1550 2350 84 30 größere

891 2378 63 27 Theil
974 2380 34 21 der
1029 2380 102 24 bebauten
1152 2382 72 29 Flache
1240 2382 62 29 schien
1317 2384 49 25 mir,
1384 2387 25 20 da
1425 2386 33 21 die
1475 2386 102 28 Pflanzen
1594 2388 41 26 fehr

890 2413 83 29 fchwach
984 2414 113 30 aufgingen
1105 2417 43 22 und
1158 2417 46 26 noch
1216 2418 58 26 durch
1286 2419 58 21 einen
1356 2418 114 28 Nachtfrost
1481 2420 44 28 gelb
1541 2422 93 23 wurden,

890 2450 210 36 zum^Stehenlassen
1111 2455 22 22 zu
1145 2451 175 26 unvollkommen,
1332 2454 92 26 weshalb
1442 2454 26 28 ich
1484 2455 25 28 sie
1525 2456 110 28 voreiliger

890 2479 66 28 Weise
977 2483 145 28 unterpflügen
1144 2483 50 29 ließ.
1221 2485 78 24 Somit
1321 2487 80 23 blieben
1422 2489 42 21 mir
1485 2494 40 17 nur
1542 2489 48 27 noch
1607 2490 28 21 30

890 2516 85 28 Ruthen
992 2519 34 21 al«
1042 2518 85 28 Versuch
1144 2520 71 27 stehen.
1241 2520 49 23 Von
1310 2521 85 29 Ansang
1417 2522 78 28 August
1517 2525 118 22 einwickelte

890 2551 34 29 sich
940 2552 50 25 diese
1007 2552 85 28 Pflanze
1107 2552 19 28 so
1143 2554 59 26 rasch,
1214 2555 40 27 daß
1271 2555 25 27 sie
1311 2555 35 22 bi«
1358 2555 57 23 Ende
1427 2556 79 29 August
1522 2558 44 23 eine
1577 2559 58 27 Höhe

890 2590 41 17 von
951 2585 96 24 10—12
1064 2587 47 28 Fuß
1128 2588 92 27 erreichte
1241 2590 42 21 und
1298 2591 39 21 da«
1355 2590 51 29 Feld
1423 2592 114 28 geschlossen
1553 2594 79 24 wurde,

890 2620 19 27 so
927 2620 40 28 daß
984 2621 42 22 kein
1043 2621 57 29 Auge
1117 2621 29 23 im
1160 2622 84 24 Stande
1260 2629 52 20 war,
1325 2626 57 26 durch
1399 2627 38 21 den
1451 2627 27 21 15
1494 2627 47 27 Fuß
1558 2627 77 22 breiten

1694 174 96 28 Streifen
1807 176 149 27 durchzusehen.
1972 176 39 27 Ich
2027 176 41 28 ließ
2084 177 40 22 mit
2141 177 124 28 September
2281 177 39 23 alle
2337 177 99 30 Stengel,

1692 210 31 22 bei
1740 212 64 21 denen
1820 211 35 22 der
1872 210 152 28 Samenansal)
2042 212 46 26 noch
2105 213 50 22 nicht
2173 212 138 23 vollkommen
2330 214 106 22 entwickelt

1691 249 52 20 war,
1761 245 190 26 herausschneiden,
1976 248 72 21 womit
2070 246 26 25 ich
2112 247 28 22 26
2157 246 58 27 Küche
2237 249 59 21 einen
2317 247 48 30 Tag
2387 250 49 27 lang

1691 278 76 26 füttern
1782 280 78 21 konnte.
1876 280 40 22 Die
1928 281 198 28 stehengebliebenen
2138 282 91 28 Stengel
2245 282 72 23 reiften
2334 283 33 22 bis
2380 283 56 22 Ente

1692 312 91 23 Ocleber
1799 314 136 22 vollkommen
1949 319 39 17 au«
2001 317 42 20 uub
2059 316 67 28 gaben
2143 315 29 22 40
2186 316 47 27 Pfd.
2246 316 81 27 schönen
2344 318 92 22 Samen.

1691 347 43 23 Die
1756 348 166 28 ausgekemmten
1945 349 154 27 Samenrijpen
2122 350 73 26 liefern
2213 351 40 26 sehr
2270 352 79 24 schöne«
2367 352 69 22 Mate»

1690 382 42 22 rial
1747 388 23 22 zn
1781 382 154 27 Zimmerbesen
1948 387 42 19 und
2194 386 48 23 Mir
2253 386 23 28 ist
2287 386 53 23 leine
2352 386 84 29 Pflanze

1690 417 99 24 bekannt,
1807 417 31 22 die
1853 417 60 28 gleich
1931 419 63 25 hohen
2012 419 144 29 Fulterertrag
2174 420 77 27 liefert,
2268 426 57 22 wozu
2342 424 46 18 noch
2405 421 31 22 die

1690 450 31 22 bei
1736 451 48 28 Zeit
1801 452 172 28 abgeschnittenen
1992 453 91 28 Stengel
2100 454 75 22 wieder
2192 454 133 28 ausschlugen
2342 460 43 17 und
2402 455 33 22 bi«

1691 485 57 23 Eude
1768 486 93 23 October
1880 487 72 24 dichter
1974 489 34 20 als
2024 489 53 21 beim
2095 490 61 25 eisten
2174 489 74 22 Stand
2264 490 36 27 auf
2317 490 44 22 eine
2377 490 58 27 Höbe

1690 525 41 17 von
1750 521 6 20 !
1766 521 37 26 I—
1806 521 14 21 2
1836 521 48 29 Fuß
1900 522 33 27 sich
1950 522 83 28 stellten.
2052 523 47 23 Der
2115 524 138 29 Futterwerth
2275 525 21 26 ist
2312 525 60 28 gleich
2390 525 45 22 dem

1690 556 36 21 de«
1743 555 130 28 Fnttermai«
1891 556 149 30 anzuschlagen.

1719 600 54 22 Au«
1790 602 55 21 dem
1861 602 89 28 Haag,
1967 602 36 22 30.
2016 603 62 24 Juni.
2097 603 51 22 Da«
2160 603 66 28 Gesetz
2237 609 71 23 wegen
2319 604 116 29 Zulassung

1689 639 40 17 von
1751 634 138 24 Ausländern
1911 641 22 22 zu
1956 637 186 26 niederländischen
2165 638 167 23 Staalsämtern
2349 645 49 17 vom
2413 640 21 21 4.

1689 669 18 22 d.
1725 669 34 22 M.
1778 670 21 26 ist
1816 671 56 24 heute
1884 671 58 25 durch
1957 673 37 20 den
2007 672 189 23 Staats.Courant
2212 674 153 27 veröffentlicht.
2384 674 51 22 Die»

1690 702 30 25 l'es
1736 703 65 28 Gesetz
1818 706 91 26 gestattet
1925 707 38 20 den
1981 706 139 23 Ausländern
2136 713 40 17 nur
2188 707 89 23 Eintritt
2292 708 22 22 in
2332 710 37 20 den
2382 708 53 23 die«>

1690 738 113 27 ländischen
1823 738 145 29 Staatsdienst
1986 741 34 22 als
2032 741 195 27 Consularbeamte,
2244 744 33 21 als
2289 742 87 29 Kanzler
2388 746 47 19 oder

1690 772 138 27 Dolmetscher
1846 774 31 22 bei
1894 774 56 22 einer
1966 775 144 28 Gesandschaft
2126 778 47 20 oder
2189 777 32 22 bei
2242 777 138 26 Eonsulalen.
2402 779 33 21 »!«

1690 807 72 25 Lehrer
1778 808 46 21 ober
1841 808 88 22 Beamte
1948 809 119 29 königlicher
2084 811 101 25 Institute
2202 812 35 21 de«
2251 812 133 26 Unterricht«,
2402 813 34 21 der

1690 841 64 28 Kunst
1770 844 42 20 und
1829 843 144 28 Wissenschaft,
1993 845 34 22 al«
2043 844 237 29 Telegraphenbeamte,
2297 848 34 20 ai«
2348 846 88 27 Maschi»

1690 876 63 23 nisten
1769 877 31 21 bei
1817 877 234 29 Rcichsdampfwerten,
2069 880 33 21 al«
2119 880 122 28 Bergleute,
2259 883 33 19 als
2309 880 126 23 Tirectoren

1691 912 47 21 oder
1754 911 138 28 Commissäre
1908 917 42 17 von
1967 913 129 27 Entrepôt«,
2112 916 34 21 als
2163 915 222 28 Waffencontroleure,
2402 917 33 20 al«

1691 944 200 28 Stempelschneider
1907 948 42 20 und
1966 948 33 21 al«
2017 947 117 24 Graveure.
2151 950 123 22 Ausländer
2292 950 90 26 erhalten
2399 956 36 16 au.

1692 978 81 28 Berdcm
1796 981 48 26 nach
1866 980 55 23 einer
1937 982 155 29 zwölfjährigen
2109 984 196 28 ccnduiielüchtigen
2323 984 113 27 Dienstzeit

1691 1014 21 22 in
1734 1016 34 20 der
1789 1015 65 23 Land»
1870 1017 41 20 und
1930 1017 111 27 Seemacht
2061 1018 115 26 Ansprüche
2198 1019 35 26 auf
2250 1019 135 29 Versorgung
2402 1019 33 21 als

1692 1049 153 25 Uuterbeamte,
1856 1050 38 22 wie
1909 1056 15 21 ;.
1936 1051 28 22 B.
1977 1051 54 22 beim
2046 1052 134 27 Stcucrfache
2192 1055 34 21 al«
2238 1054 107 23 Commis,
2357 1053 79 23 Boot«»

1692 1084 65 23 lente,
1782 1089 40 19 je,
1841 1083 22 23 in
1885 1086 35 21 der
1943 1085 272 31 Festungsadministration
2232 1089 33 22 al«
2281 1088 154 27 Wallwächler,

1692 1116 86 28 Portier
1794 1124 28 16 k.

1721 1163 52 22 Soh
1781 1165 62 24 bon,
1864 1164 21 22 4.
1908 1165 58 25 Juli.
2000 1165 54 24 Wa«
2070 1166 31 23 dle
2118 1166 88 28 Themse
2222 1168 124 28 anbelangt,
2366 1168 31 22 die
2413 1168 24 22 in

1693 1198 86 27 letzterer
1789 1198 48 28 Zeit
1853 1199 22 22 in
1892 1199 18 27 so
1928 1200 62 23 üblen
2003 1200 78 28 Geruch
2098 1202 97 27 gerathen
2212 1202 30 28 ist,
2259 1203 52 21 wird
2324 1208 57 19 man,
2398 1202 39 22 wie

1693 1234 75 26 gestern
1786 1233 23 22 in
1825 1234 71 22 beiden
1912 1235 96 27 Hänsern
2024 1237 105 28 angezeigt
2144 1239 90 23 worden,
2251 1238 73 28 täglich
2339 1237 98 29 lUO-Faß

1693 1267 51 22 Kalt
1759 1267 22 22 in
1803 1268 32 22 die
1851 1268 90 23 Kloaken
1963 1269 83 28 gießen,
2067 1273 46 19 wa«
2135 1271 44 23 eine
2201 1272 98 28 Ausgabe
2318 1276 42 18 von
2382 1271 56 22 1500

1693 1300 50 28 Pfd.
1760 1301 38 23 St,
1815 1306 35 23 per
1866 1301 74 29 Woche
1959 1304 142 27 verursachen,
2122 1305 47 23 aber
2190 1306 113 28 hoffentlich
2325 1306 48 28 auch
2395 1309 43 19 un«

1693 1341 38 17 vor
1747 1337 34 22 der
1798 1337 88 26 Eholera
1903 1338 109 26 bewahren
2028 1340 63 24 wird,
2113 1341 39 21 mit
2173 1340 34 22 der
2228 1347 50 15 man
2299 1345 43 17 uns
2360 1341 77 27 gestern

1693 1371 29 22 im
1740 1371 125 27 Unterhause
1881 1372 34 26 für
1930 1373 39 21 den
1986 1373 79 22 Mouat
2082 1373 79 29 August
2177 1375 77 25 drohte.
2271 1374 46 23 Der
2333 1374 53 23 Kalt
2402 1374 36 26 foll

1693 1405 32 23 die
1746 1406 64 27 Fische
1831 1409 81 25 tobten;
1932 1407 40 22 wir
1992 1410 85 21 werden
2098 1412 42 19 uns
2162 1411 88 21 darüber
2267 1410 38 22 mit
2322 1410 116 27 Seefischen

1693 1445 23 23 zu
1737 1442 75 25 trösten
1831 1441 82 27 wissen,
1932 1446 61 19 wenn
2011 1449 41 17 nur
2072 1444 31 22 die
2120 1444 61 22 üblen
2199 1444 177 29 Ausdünstungen
2394 1444 45 27 auf»

1693 1475 70 25 hören,
1779 1479 41 18 von
1836 1476 64 21 denen
1916 1478 75 26 gestern
2008 1478 47 27 auch
2073 1478 34 22 der
2122 1478 42 27 Hof
2179 1479 43 21 und
2245 1478 51 27 feine
2313 1478 126 28 durchlauch»

1693 1509 72 28 tigsten
1781 1509 62 28 Gäste
1860 1514 40 18 au«
1917 1511 83 28 Brüssel
2015 1518 24 21 zu
2056 1512 64 23 leiden
2142 1513 81 26 hatten,
2246 1514 35 21 als
2302 1515 25 26 sie
2347 1515 37 21 den
2405 1513 34 23 Be<

1693 1544 87 26 viathan
1797 1544 101 27 beiuchten
1908 1560 5 9 ,
1934 1546 34 21 der
1984 1550 40 18 von
2041 1553 44 15 nun
2102 1553 27 16 an
2145 1547 74 23 wieder
2236 1548 66 26 feinen
2317 1548 122 27 primitiven

1696 1577 84 22 Namen
1798 1577 66 24 Great
1881 1579 84 29 Lastern
1981 1582 116 25 annehmen
2112 1582 44 26 soll.

1764 1627 50 23 Da«
1826 1629 128 29 abermalige
1965 1630 81 27 Reißen
2058 1632 36 22 de«
2108 1632 193 28 transatlantischen
2312 1632 127 23 Kabeltaue«

1695 1662 111 27 veranlaßt
1822 1663 32 23 die
1866 1662 108 26 „Times"
1985 1671 24 21 zu
2026 1666 44 21 dem
2087 1665 128 30 Vorschlage,
2230 1667 37 21 den
2282 1666 112 23 Leviatbau
2405 1673 35 21 zur

1697 1696 80 30 Lcgung
1800 1698 36 23 de«
1860 1698 151 28 unterseeische»
2035 1698 144 32 Telegraphen
2196 1707 24 22 zu
2237 1703 102 26 benutzen.
2366 1701 74 26 Tiefe«

1697 1731 68 28 Schiff
1781 1732 24 26 sei
1820 1733 110 28 geräumig
1947 1740 78 23 genug,
2047 1741 37 16 um
2106 1735 62 23 allein
2188 1738 39 21 da«
2247 1742 62 23 ganze
2331 1736 50 23 Tau
2402 1737 38 22 mit

1696 1765 170 28 Bequemlichkeit
1882 1773 23 22 zu
1922 1767 142 29 beherbergen.

1779 1821 37 26 On
1832 1822 27 25 lit
1873 1822 64 25 dans
1952 1823 22 25 le
1987 1824 166 31 Précurseur,
2168 1825 127 27 d'Anvers
2307 1821 4 34 :

1736 1865 11 13 «
1760 1856 32 25 Le
1808 1856 88 32 procès
1907 1858 43 32 qui
1964 1864 27 19 se
2007 1859 115 32 poursuit
2133 1867 29 19 en
2179 1867 27 19 ce
2222 1864 111 23 moment
2344 1860 13 26 à
2372 1862 67 25 Caen

1697 1891 94 30 excite,
1807 1897 32 20 on
1854 1896 60 28 peut
1927 1892 22 27 le
1964 1893 71 32 dire,
2050 1894 23 26 la
2088 1895 121 26 curiosité
2223 1896 30 25 de
2267 1897 117 32 l'Europe
2398 1903 29 20 en-

1698 1925 72 25 tière.

1732 1970 11 14 »
1759 1961 21 26 A
1803 1967 28 19 ce
1850 1961 73 32 litre,
1950 1969 46 19 nos
2010 1963 108 27 lecteurs
2137 1971 31 19 ne
2183 1972 63 19 nous
2266 1972 29 19 en
2316 1966 127 26 voudront

1698 1998 82 24 certes
1798 2002 46 26 pas
1864 1997 128 33 d'appeler
2011 1998 55 26 leur
2083 2000 123 26 attention
2223 2008 45 18 sur
2286 2008 49 18 une
2350 2002 79 25 coïnci-

1698 2030 78 25 dence
1802 2031 45 25 des
1871 2032 57 31 plus
1951 2032 119 33 étranges
2092 2038 24 21 et
2139 2035 31 24 ils
2193 2035 165 26 concilieront
2381 2042 60 20 avec

1698 2072 75 23 nous,
1789 2072 49 26 que
1853 2065 35 26 les
1902 2066 90 26 détails
2008 2068 148 26 très-exacts
2170 2069 64 26 dans
2252 2070 111 33 lesquels
2378 2077 64 19 nous

1698 2100 81 25 allons
1801 2103 99 29 entrer,
1925 2101 170 34 s'appliquent
2118 2103 12 26 à
2154 2104 50 25 l'un
2226 2105 44 24 des
2291 2105 105 26 accusés
2411 2113 31 18 au

1698 2135 97 30 moins,
1819 2135 121 33 renvoyés
1959 2137 93 25 devant
2073 2138 23 25 la
2111 2138 68 26 Cour
2195 2139 122 26 d'assises
2333 2140 33 25 du
2386 2140 43 26 Cal-

1698 2169 89 25 vados.

1733 2213 11 14 »
1761 2204 37 25 On
1814 2211 14 18 a
1843 2212 30 17 vu
1891 2212 45 24 par
1950 2207 71 25 l'acte
2034 2207 170 27 d'accusation
2218 2215 50 27 que
2283 2216 65 19 nous
2364 2217 78 18 avons

1698 2238 86 32 publié
1798 2242 24 22 et
1837 2246 45 25 par
1897 2240 35 25 les
1943 2240 85 27 divers
2040 2241 219 35 interrogatoires,
2274 2251 50 26 que
2335 2244 107 26 l'accusé

1699 2273 73 28 Graft
1784 2281 14 18 a
1811 2274 52 32 pris
1874 2274 91 33 depuis
1975 2276 124 33 quelques
2110 2278 94 26 années
2215 2279 131 26 différents
2358 2286 83 25 noms,

1698 2312 25 21 et
1735 2309 116 31 qu'entre
1864 2313 87 23 autres
1966 2311 14 25 il
1995 2318 13 17 a
2024 2312 70 31 porté
2109 2313 65 26 celui
2189 2313 31 26 de
2233 2313 78 32 Beck,
2328 2321 60 18 sous
2409 2315 23 25 le-

1697 2343 58 33 quel
1771 2343 14 24 il
1800 2344 79 25 s'était
1895 2351 29 19 en
1940 2345 103 27 dernier
2054 2346 48 27 lieu
2116 2347 96 35 réfugié
2223 2355 48 18 aux
2284 2349 157 33 Batignolles

1699 2381 25 23 et
1740 2384 60 20 sous
1814 2378 81 32 lequel
1910 2379 15 25 il
1940 2386 14 19 a
1970 2380 39 26 été
2022 2381 92 26 arrêté.

1735 2422 10 13 »
1761 2413 45 31 Or,
1818 2421 32 18 au
1862 2414 65 25 mois
1938 2415 87 25 d'avril
2038 2417 72 29 1855,
2121 2417 65 26 deux
2198 2417 134 34 étrangers
2342 2419 102 25 avaient

1700 2447 81 25 vendu
1795 2449 61 24 chez
1873 2456 33 18 un
1923 2450 99 26 orfèvre
2033 2450 14 26 à
2062 2451 33 26 La
2109 2452 84 31 Haye,
2208 2459 32 18 un
2254 2454 105 24 nombre
2372 2461 72 18 assez

1699 2482 177 27 considérable
1895 2484 32 26 de
1945 2489 119 22 couverts
2086 2493 64 25 pour
2170 2488 109 32 lesquels
2294 2488 31 25 ils
2343 2489 101 25 avaient

1700 2524 57 24 reçu
1779 2524 50 19 une
1846 2525 98 20 somme
1964 2520 30 25 de
2014 2520 57 32 près
2091 2522 31 24 de
2133 2522 50 26 300
2198 2522 88 26 florins
2306 2523 45 26 des
2365 2524 79 31 Pays-

1700 2553 57 24 P.as.
1790 2552 81 32 Après
1886 2554 55 25 leur
1955 2555 103 32 départ,
2076 2555 131 33 l'orfèvre,
2222 2557 43 32 qui
2280 2559 67 24 avait
2361 2559 70 25 consi-

1699 2586 60 26 déré
1779 2587 36 25 les
1835 2593 118 21 couverts
1972 2596 99 19 comme
2092 2589 70 27 étant
2182 2592 30 25 de
2231 2592 106 34 l'argent
2352 2593 22 26 le
2388 2593 56 32 plus

1700 2628 58 26 pur,
1774 2621 126 33 s'aperçut
1913 2623 75 33 qu'ils
2001 2624 94 26 étaient
2110 2626 60 25 faits
2183 2627 60 25 d'un
2259 2627 77 26 métal
2350 2628 31 26 de
2397 2635 47 24 peu

83 2709 88 23 réussis
188 2710 14 22 à
216 2709 103 22 soutenir
334 2716 41 15 son
392 2710 83 28 regard
491 2716 59 16 avec
566 2716 46 16 une
627 2710 95 23 fermeté
737 2718 78 21 respec-

84 2747 81 19 tueuse
180 2744 38 28 qui
234 2744 114 28 produisit
362 2750 55 16 sans
433 2743 68 23 doute
518 2750 44 16 une
577 2744 102 23 certaine
690 2744 137 30 impression

85 2786 40 14 sur
144 2783 60 18 cette
226 2783 93 22 nature,
339 2777 53 30 plus
412 2777 106 31 vulgaire
538 2786 45 22 que
606 2778 126 23 méchante.
756 2779 18 23 Il
798 2787 29 15 ne

84 2813 128 23 m'adressa
227 2820 44 22 pas
287 2820 29 15 un
332 2813 119 29 reproche,
468 2813 16 22 il
500 2820 29 16 ne
545 2813 24 22 fit
585 2821 41 22 pas
643 2813 24 23 la
683 2814 103 23 moindre
795 2815 22 22 al-

85 2848 76 23 lusion
183 2854 46 16 aux
252 2847 113 22 incidents
389 2847 29 23 de
441 2847 23 23 la
484 2847 49 23 nuit
552 2852 21 18 et
594 2848 28 22 de
638 2848 23 23 la
677 2848 105 28 matinée,
806 2852 21 19 et

85 2882 92 29 depuis,
193 2882 100 28 pendant
309 2881 56 23 trois
381 2888 42 16 ans
438 2889 43 22 que
494 2882 26 29 je
536 2882 79 30 passai
629 2889 55 15 sous
692 2889 38 16 ses
740 2883 87 27 ordres,

85 2916 17 23 il
118 2923 29 16 ne
163 2916 58 23 m'en
237 2916 65 29 parla
316 2916 96 29 jamais.

116 2951 48 27 „Ne
179 2955 21 18 te
216 2950 53 22 hâte
285 2951 129 29 cependant
433 2959 42 21 pas
495 2955 50 26 trop
566 2951 122 23 d'admirer
709 2956 36 18 cet
762 2952 65 22 effort

86 2987 28 21 de
130 2990 73 18 vertu.
220 2984 17 23 Il
254 2992 29 15 ne
299 2992 36 15 me
351 2986 33 22 dit
400 2986 52 28 plus
469 2993 29 15 un
515 2990 57 24 mot,
592 2993 30 16 ne
641 2991 67 24 parut
724 2987 52 28 plus
792 2994 35 15 me

85 3022 127 24 connaître,
236 3023 22 19 et
280 3019 60 23 n'eut
360 3026 59 16 avec
438 3020 45 22 moi
506 3028 43 21 que
565 3020 35 22 les
616 3020 110 22 relations
741 3020 76 22 stricte-

85 3057 61 18 ment
161 3052 93 29 exigées
269 3059 43 22 par
326 3053 22 22 le
363 3054 98 22 service.
476 3054 64 23 J'eus
556 3055 223 23 malheureusement
788 3054 39 22 des

85 3096 100 19 preuves
202 3088 52 26 plus
271 3087 117 23 effectives
404 3088 28 23 de
447 3095 28 16 sa
491 3092 83 19 nvjettc
590 3096 110 16 rancune.
723 3088 104 23 Pendant

86 3128 39 17 ces
141 3119 57 25 trois
214 3127 54 21 ans,
287 3125 66 19 notre
373 3121 110 30 régiment
502 3122 45 30 prit
567 3127 51 26 part
638 3123 14 22 à
673 3122 43 22 bon
733 3123 94 23 nombre

86 3156 117 23 d'affaires
218 3155 141 31 sanglantes,
376 3159 22 20 et
411 3156 26 30 je
453 3156 62 23 crois
531 3164 44 22 que
588 3157 35 30 j'y
640 3156 27 24 fis
679 3164 51 16 mon
740 3158 87 22 devoir.

85 3191 28 20 Je
129 3191 37 20 fus
182 3191 77 20 blessé
276 3191 57 20 deux
350 3191 53 20 fois.

116 3224 76 30 »J'eus
206 3232 31 16 un
249 3224 56 31 jour
323 3224 20 24 le
359 3224 104 24 bonheur
479 3225 27 23 de
523 3225 98 31 dégager
636 3233 38 16 ma
685 3226 142 31 compagnie,

85 3261 64 29 prise
164 3267 28 15 en
207 3260 60 22 flanc
283 3266 43 23 par
343 3260 21 23 la
381 3261 116 22 cavalerie
514 3262 148 28 prussienne;
684 3265 22 19 et
721 3266 107 25 pourtant

82 3296 27 27 je
124 3301 29 16 ne
169 3301 66 22 reçus
248 3293 88 30 jamais
353 3295 27 22 de
397 3302 51 15 mon
469 3295 90 22 colonel
580 3301 31 16 un
631 3299 46 18 mot
696 3295 118 22 d'encoura-

86 3333 89 25 gement
190 3336 30 15 ou
236 3328 181 30 d'approbation.
439 3329 53 23 Mon
514 3336 51 16 nom
585 3336 29 15 ne
635 3329 34 23 fut
682 3329 86 30 jamais
784 3329 44 22 mis

86 3365 14 21 à
116 3363 83 23 l'ordre
215 3363 29 22 du
258 3363 68 29 jour;
338 3364 27 29 je
381 3364 64 22 n'eus
461 3365 24 22 ni
502 3368 158 23 avancement,
676 3364 24 22 ni
716 3364 72 28 croix,
804 3364 24 22 ni

86 3398 131 23 distinction
241 3398 112 23 d'aucune
376 3404 62 18 sorte
447 3408 5 14 :
482 3406 48 16 mes
558 3399 135 23 camarades
720 3399 47 22 s'en
795 3399 22 22 in-

85 3432 119 30 dignaient
220 3432 141 29 hautement;
383 3433 30 23 ils
433 3433 116 29 parlèrent
569 3435 73 21 même
662 3433 28 23 de
708 3433 60 23 faire
783 3439 45 17 une

85 3467 122 22 démarche
226 3467 122 22 collective
368 3469 82 28 auprès
470 3469 30 22 du
516 3469 92 29 général
625 3475 28 15 en
670 3467 59 24 chef.
751 3468 28 22 Je
795 3467 33 22 les

86 3508 27 15 en
129 3500 127 31 empêchai.

116 3536 128 27 „Peut-être
266 3544 29 14 au
319 3536 56 22 fond
398 3536 112 30 n'étais-je
532 3544 42 22 pas
597 3537 68 23 fâché
685 3537 29 23 de
734 3537 94 23 souffrir

85 3571 97 30 quelque
199 3570 69 24 chose
283 3578 29 16 en
329 3571 107 23 mémoire
453 3572 27 22 de
497 3572 114 22 Röschen.
636 3572 60 27 Quoi
719 3572 53 29 qu'il
800 3579 28 15 en

85 3606 53 27 «oit,
155 3605 56 23 trois
226 3611 43 16 ans
286 3605 74 29 après,
377 3612 28 15 en
424 3607 63 25 181«,
500 3606 78 29 j'étais
594 3606 22 23 le
632 3607 52 29 plus
701 3606 89 27 ancien,
808 3606 20 22 le

84 3640 54 28 plus
155 3638 115 31 disgracié
285 3644 23 17 et
324 3640 20 22 le
365 3639 75 23 moins
459 3640 83 23 décoré
563 3641 40 23 des
626 3648 55 16 sous
693 3641 135 22 lieutenants

87 3674 29 22 du
129 3676 23 19 3«
168 3675 160 21 chasseurs...«

116 3707 29 23 M.
170 3709 28 22 de
221 3708 113 23 Bellières
356 3709 163 29 s'interrompit
541 3715 30 17 un
595 3714 105 18 moment.
724 3710 45 22 Les
792 3717 25 15 ca-

85 3743 76 31 prices
177 3743 28 21 de
221 3748 65 18 notre
303 3743 139 29 promenade
460 3748 112 18 nocturne
592 3751 59 15 nous
668 3744 94 23 avaient
778 3752 39 15 con-

86 3779 62 22 duits
164 3777 52 30 près
232 3778 29 22 de
276 3778 143 30 l'esplanade
435 3778 40 23 des
491 3779 125 23 Invalides.

116 3814 41 27 „Et
174 3811 109 24 l'histoire
298 3813 50 24 finit
364 3813 56 24 là?*
436 3813 33 23 lui
484 3814 77 27 dis-je.

922 2725 40 13 »
978 2712 46 22 Pas
1040 2716 49 19 tout
1105 2713 13 22 à
1134 2713 63 23 fait."

920 2746 19 23 Il
954 2746 86 24 alluma
1056 2754 31 16 un
1103 2748 85 22 second
1205 2748 89 29 cigare,
1310 2753 22 18 et
1348 2749 16 23 il
1381 2751 71 29 reprit
1468 2758 41 16 son
1526 2753 63 24 récit.

1241 2810 43 24 IV.

922 2848 122 28 »J'avais,«
1069 2849 72 30 reprit
1156 2849 122 29 Frédéric,
1304 2852 82 29 »passé
1407 2859 27 16 ce
1453 2857 73 26 temps
1548 2862 87 16 comme

891 2891 29 14 on
938 2883 22 22 le
975 2884 90 29 passait
1080 2884 75 28 alors;
1178 2885 87 23 faisant
1285 2886 22 22 la
1329 2894 81 21 guerre
1431 2894 29 15 un
1476 2896 43 22 peu
1537 2895 98 24 partout,

891 2925 27 15 en
934 2918 95 27 Prusse,
1046 2925 28 16 en
1083 2918 155 30 Westphalie,
1255 2920 129 28 enSilésie,
1398 2929 27 15 en
1436 2922 115 30 Pologne;
1567 2932 51 22 map-

892 2952 103 30 pliquant
1011 2953 14 22 à
1041 2953 120 29 conjurer,
1185 2954 14 23 à
1219 2955 64 23 force
1299 2956 162 29 d'exactitude,
1486 2958 21 22 le
1529 2960 106 22 mauvais

891 2987 92 22 vouloir
999 2987 29 22 du
1041 2987 90 23 colonel
1145 2988 109 31 Ducray;
1274 2994 114 25 attrapant
1404 2991 28 22 cà
1448 2996 21 18 et
1486 2992 22 22 là
1525 2993 110 30 quelques

891 3021 59 22 bons
966 3025 112 18 moments
1093 3021 14 22 à
1122 3025 91 20 travers
1231 3024 51 22 bien
1305 3024 40 22 des
1365 3025 67 29 jours
1454 3026 28 22 de
1498 3027 137 28 privations,

892 3055 29 22 de
935 3054 71 31 périls
1022 3059 22 19 et
1060 3055 28 23 de
1104 3056 96 29 fatigue,
1225 3061 21 18 et
1268 3058 87 28 parfois
1377 3067 36 14 me
1434 3060 97 24 laissant
1547 3062 59 23 aller
1622 3063 13 22 à

893 3090 27 22 de
943 3089 108 29 fugitives
1073 3096 106 21 amours,
1200 3091 93 23 suivant
1317 3093 21 21 la
1358 3094 67 22 mode
1441 3094 29 23 du
1486 3099 80 25 temps.
1590 3096 45 23 Ces

892 3130 92 16 amours
1000 3123 173 24 m'effleuraient
1190 3125 14 22 à
1221 3126 79 28 peine;
1323 3127 24 22 la
1370 3128 119 23 meilleure
1512 3132 75 26 partie
1608 3132 27 21 de

892 3166 51 13 mon
967 3160 47 19 être
1033 3157 50 22 leur
1099 3157 128 25 demeurait
1247 3161 129 29 étrangère;
1400 3162 124 24 au-dessus
1547 3164 28 23 de
1596 3173 39 15 ces

892 3191 88 24 visions
1004 3192 144 30 éphémères,
1177 3193 88 31 l'image
1294 3195 28 22 de
1345 3196 107 23 Röschen
1476 3198 82 23 flottait
1580 3206 55 16 «ans

892 3234 77 20 cesse,
989 3234 88 16 comme
1096 3228 24 22 la
1140 3228 98 24 blanche
1260 3230 127 23 hirondelle
1408 3232 41 23 des
1465 3240 61 16 mers
1543 3240 41 16 sur
1601 3234 34 23 les

892 3267 86 21 vagues
995 3261 149 25 turbulentes.

922 3295 33 26 »A
973 3303 90 15 mesure
1080 3303 43 23 que
1135 3297 27 29 je
1178 3297 143 30 m'éloignais
1340 3299 29 22 du
1383 3299 56 29 jour
1461 3301 27 22 de
1504 3305 65 20 notre
1585 3310 38 15 ren-

892 3334 91 24 contre,
1006 3335 51 19 tous
1079 3331 35 23 les
1135 3331 82 23 détails
1239 3332 38 29 qui
1292 3333 122 24 m'avaient
1438 3335 71 28 irrité,
1533 3337 101 27 humilié,

892 3364 86 29 désolé,
995 3365 191 29 disparaissaient
1203 3373 42 22 peu
1263 3367 15 22 à
1293 3374 55 23 peu;
1365 3368 16 22 il
1397 3376 29 15 ne
1437 3371 79 22 restait
1527 3371 52 29 plus
1590 3379 44 22 que

892 3400 23 21 la
930 3400 105 22 créature
1051 3399 75 23 idéale
1142 3408 43 22 que
1199 3401 87 29 j'avais
1309 3404 66 21 rêvée
1397 3408 69 18 avant
1488 3405 28 22 de
1536 3406 23 21 la
1580 3413 40 16 con-

892 3437 80 24 naître,
997 3441 44 23 que
1057 3434 28 29 je
1105 3434 102 24 refusais
1228 3435 111 24 d'oublier
1356 3437 66 29 après
1440 3437 82 25 l'avoir
1538 3448 95 16 connue.

892 3468 50 22 Elle
958 3468 125 23 s'éclairait
1103 3469 58 23 dans
1182 3477 38 18 m»
1239 3471 108 22 mémoire
1367 3472 66 22 d'une
1450 3473 72 23 douce
1538 3479 22 18 et
1576 3482 43 16 com-

892 3502 115 29 plaisante
1023 3502 106 29 lumière,
1146 3510 87 16 comme
1248 3511 41 15 ces
1305 3504 84 30 figures
1409 3514 44 22 que
1473 3507 42 23 fait
1531 3508 66 23 vivre
1614 3509 21 22 le

892 3536 66 30 génie
973 3537 40 22 des
1030 3537 93 23 artistes
1138 3542 22 18 et
1176 3538 41 23 des
1233 3542 86 26 poètes,
1335 3544 21 19 et
1372 3548 44 22 que
1433 3549 58 15 nous
1503 3548 131 24 emportons

892 3578 57 16 avec
965 3580 70 19 nous,
1052 3580 71 22 pures
1139 3577 22 18 et
1175 3574 144 29 souriantes,
1339 3576 15 22 à
1373 3581 91 18 travers
1485 3577 34 22 les
1538 3578 96 24 misères

892 3610 22 18 et
930 3605 34 23 les
979 3606 125 30 vulgarités
1121 3607 27 22 de
1165 3607 22 23 la
1206 3608 44 23 vie.

924 3640 57 28 »Les
998 3642 80 22 divers
1094 3642 146 23 événements
1262 3643 28 22 de
1312 3648 57 18 cette
1385 3645 87 29 époque
1488 3652 59 17 nous
1563 3653 57 16 rame-

893 3675 78 23 nèrent
987 3676 15 22 à
1019 3676 88 22 Vienne
1124 3684 27 14 en
1168 3685 62 15 mars
1248 3680 62 21 1810.
1324 3678 98 28 Vienne,
1439 3686 44 22 que
1492 3680 87 28 j'avais
1591 3689 44 15 vue

893 3717 27 15 en
941 3711 52 21 1807
1012 3711 51 28 plus
1080 3711 128 23 semblable
1228 3712 13 22 à
1262 3719 31 15 un
1314 3720 65 21 camp
1400 3713 52 29 qu'à
1468 3721 43 15 une
1527 3716 108 28 capitale,

893 3744 76 23 n'était
989 3744 52 30 plus
1063 3746 196 23 reconnaissable.
1284 3746 32 23 Le
1338 3748 102 29 mariage
1463 3748 28 22 de
1514 3749 109 24 l'archidu-

893 3780 81 22 chesse
997 3779 169 24 Marie-Louise
1188 3788 57 16 avec
1270 3781 136 31 l'empereur
1429 3783 120 30 Napoléon
1573 3785 61 22 avait

892 3813 43 23 fait
950 3813 75 23 croire
1041 3814 15 23 à
1072 3814 22 23 la
1110 3816 63 28 paix,
1189 3820 22 18 et
1227 3816 93 23 donnait
1336 3817 22 22 le
1373 3817 76 28 signal
1466 3818 28 22 de
1509 3818 59 23 fêtes
1583 3818 42 23 bril-

1698 2719 82 27 lautes,
1805 2720 135 28 auxquelles
1963 2725 58 17 cette
2041 2721 135 29 population
2198 2723 60 23 amie
2274 2723 29 24 du
2320 2724 83 30 plaisir
2419 2732 24 16 se

1700 2754 79 22 livrait
1795 2760 57 16 avec
1869 2760 30 16 un
1915 2754 109 27 gracieux
2040 2756 114 22 abandon.

1730 2788 46 26 »La
1793 2787 58 22 ville
1867 2789 129 29 regorgeait
2012 2790 28 22 de
2056 2791 87 29 grands
2159 2798 170 23 personnages,
2345 2793 101 30 princes,

1699 2822 144 29 princesses,
1860 2823 193 29 ambassadeurs,
2069 2825 150 27 maréchaux,
2242 2826 203 24 feld-maréchaux.

1699 2856 66 22 hauts
1782 2855 135 30 dignitaires
1933 2856 41 23 des
1992 2858 58 22 deux
2067 2858 108 29 empires.
2193 2858 64 23 Dans
2274 2860 35 22 les
2318 2868 60 20 rues,
2388 2861 58 23 dans

1699 2891 35 22 les
1750 2891 78 27 calés,
1845 2897 28 16 an
1890 2891 94 28 théâtre,
2001 2899 31 15 on
2049 2892 138 24 n'entendait
2204 2902 43 22 que
2263 2902 53 16 nom
2333 2896 110 29 illustres,

1699 2932 29 15 on
1745 2932 28 15 ne
1790 2925 79 29 voyait
1886 2925 151 29 qu'éclatants
2054 2927 127 23 uniformes
2189 2936 6 14 :
2217 2936 30 15 un
2271 2936 90 22 pauvre
2383 2937 52 16 sous-

1699 2959 124 22 lieutenant
1846 2967 87 14 comme
1957 2960 46 23 moi
2023 2968 30 16 au
2075 2962 77 22 milieu
2172 2963 28 22 de
2222 2967 75 18 toutes
2314 2971 39 15 ces
2369 2965 64 29 splen-

1699 2993 78 27 deurs,
1793 2993 76 23 c'était
1886 2993 90 23 l'atome
1994 2995 71 29 perdu
2083 2996 57 23 dans
2157 2996 21 23 le
2194 3003 73 23 rayon
2284 2997 28 22 de
2329 2998 74 24 soleil.

1729 3027 76 28 »J'eus
1826 3035 30 15 un
1879 3033 99 18 moment
2002 3029 66 23 l'idée
2092 3030 28 22 de
2140 3030 137 23 rechercher
2298 3032 23 22 la
2337 3037 63 19 trace
2416 3034 28 22 de

1700 3062 118 28 Röschen;
1842 3063 58 22 mais
1924 3064 14 21 à
1959 3063 52 29 quel
2032 3064 23 22 fil
2077 3072 34 15 me
2128 3065 132 23 rattacher?
2287 3067 82 23 Maître
2386 3068 49 22 Gott-

1701 3096 49 28 lob,
1767 3096 97 23 l'ancien
1881 3097 97 23 hôtelier
1994 3098 40 23 des
2054 3098 67 24 Trois
2138 3099 98 31 siigles,
2256 3101 63 22 avait
2340 3101 42 24 fait
2397 3103 41 22 fail-

1700 3131 46 26 lite,
1771 3135 20 18 et
1815 3139 42 14 son
1880 3139 138 16 successeur
2043 3140 28 16 ne
2095 3135 76 22 savait
2196 3142 41 21 pas
2259 3138 72 20 même
2348 3144 26 15 ce
2391 3138 54 29 qu'il

1700 3165 52 22 était
1770 3165 97 22 devenu.

1731 3200 40 27 „Je
1787 3200 91 22 n'avais
1894 3208 30 15 vu
1941 3200 108 24 Rüschen
2066 3209 44 22 que
2125 3203 101 29 pendant
2235 3204 110 30 quelques
2355 3205 91 29 heures,

1700 3235 58 21 dans
1783 3242 44 14 une
1847 3235 109 23 chambre
1977 3236 122 29 d'auberge
2122 3242 20 17 et
2158 3244 41 16 sur
2215 3245 43 16 une
2275 3239 86 29 grande
2375 3246 71 18 roule.

1698 3269 103 30 Excepté
1816 3277 42 15 son
1875 3277 52 16 nom
1944 3271 28 22 de
1989 3271 114 28 baptême,
2124 3272 46 22 elle
2190 3273 86 23 n'avait
2297 3274 49 23 rien
2364 3283 30 21 pu
2410 3283 36 16 me

1699 3304 49 22 dire
1764 3304 28 21 de
1808 3310 39 16 ses
1864 3304 147 23 antécédents
2027 3305 23 22 ni
2067 3305 156 25 d'elle-même.
2245 3307 32 23 Le
2293 3308 90 24 colonel
2402 3310 30 22 Du-

1698 3345 57 21 cray
1779 3338 52 22 n'en
1853 3339 75 21 savait
1950 3340 176 28 probablement
2148 3349 41 21 pas
2215 3342 142 29 davantage:
2382 3344 51 22 d'ail-

1698 3372 77 27 leurs,
1792 3379 57 15 nous
1866 3381 28 14 ne
1909 3380 59 16 nous
1985 3374 104 29 parlions
2105 3375 81 28 guère,
2203 3381 36 23 et,
2260 3383 58 16 nous
2335 3378 99 23 lussions-

1698 3414 58 15 nous
1773 3407 72 29 parlé,
1861 3407 58 24 c'eût
1934 3409 35 22 été
1984 3415 40 16 sur
2040 3413 51 18 tous
2108 3409 34 22 les
2162 3410 74 29 sujets
2257 3411 73 30 plutôt
2346 3419 43 23 que
2405 3420 41 16 sur

1698 3441 103 23 celui-là.

1730 3476 48 28 „J'y
1795 3475 110 29 renonçai
1922 3476 73 22 donc:
2013 3476 21 22 le
2051 3476 111 31 dirai-je?
2180 3477 99 30 j'aurais
2296 3480 76 23 craint
2388 3488 43 22 peu
2441 3486 8 18 t

1698 3512 47 21 être
1762 3510 28 23 de
1806 3515 119 18 retrouver
1941 3511 114 28 Röschen,
2071 3517 22 17 et
2109 3512 28 23 de
2155 3513 22 22 la
2191 3518 120 19 retrouver
2320 3514 127 24 différente,

1698 3546 28 22 de
1742 3551 35 18 cet
1793 3545 60 23 idéal
1870 3553 43 22 que
1927 3553 42 17 son
1992 3553 52 16 nom
2064 3552 22 18 et
2114 3554 42 16 son
2180 3549 110 22 souvenir
2313 3550 133 24 éveillaient

1698 3581 127 22 désormais
1842 3587 27 16 en
1886 3581 52 22 moi.
1956 3581 32 22 Le
2004 3582 120 22 sentiment
2141 3590 43 21 que
2199 3584 25 28 je
2241 3584 94 29 gardais
2347 3585 28 21 de
2387 3588 57 20 cette

1698 3615 131 30 apparition
1844 3615 20 21 si
1881 3615 87 29 rapide,
1985 3623 26 15 ce
2027 3616 76 23 n'était
2119 3617 52 29 plus
2188 3618 28 22 de
2233 3619 94 23 l'amour
2343 3619 23 23 ni
2383 3619 61 23 delà

1699 3650 109 22 douleur:
1825 3650 75 22 c'était
1916 3658 87 14 comme
2020 3651 23 22 la
2060 3658 74 22 vague
2156 3652 138 29 impression
2316 3653 52 23 d'un
2382 3655 61 26 rêve,

1698 3690 22 18 et
1732 3686 27 28 je
1775 3685 116 23 redoutais
1910 3686 21 21 la
1947 3686 90 22 réalité.

1728 3719 37 30 (L
1772 3719 100 22 Univers
1888 3719 118 30 Illustré.)

2088 3720 103 22 Armand
2207 3728 30 15 de
2253 3721 159 25 Pontmartin

2215 3756 37 29 (A
2267 3758 145 27 continuer.)
